2340 3840
142 355 224 400 6⁹31
549 357 613 392 ΕΤ
628 357 937 394 RHETORIBVS
954 358 1182 394 CODICVM
1198 358 1336 394 NEXV
1351 358 1415 393 ET
1431 358 1548 393 FIDE
1887 359 1951 394 1⁹3

227 468 326 512 Hoc
353 481 530 523 quoque
557 468 866 521 animaduerti,
898 469 1071 523 Dialogi
1098 469 1286 511 editores
1314 469 1403 512 iam
1431 469 1600 512 dudum
1627 470 1797 513 codices
1826 469 1949 513 Vati-

144 547 305 579 canum
327 535 433 578 1862
454 541 500 578 et
518 535 775 578 Leidensem
794 535 840 578 in
858 535 1150 589 peculiaribus
1170 535 1431 578 lectionibus
1450 536 1577 590 parui
1596 550 1688 579 esse
1706 535 1822 591 preti
1839 536 1951 580 iudi·

145 608 264 646 eant.
333 602 429 657 Ego
457 602 636 656 quidem
665 602 947 645 uehementer
974 603 1170 656 suspicor
1207 602 1321 645 hanc
1360 603 1624 656 opinionem,
1655 616 1768 657 quae
1806 611 1951 647 totam

144 667 358 713 familiam
392 682 418 712 e
452 669 554 712 solis
589 669 710 711 libris
746 666 782 711 V
818 666 852 711 1.
887 669 1146 722 constituat,
1184 664 1408 723 quoddam
1453 683 1546 712 esse
1591 670 1814 713 residuum
1859 670 1950 714 eius

142 735 465 791 superstitionis
483 748 597 790 quae
615 735 720 778 olim
737 735 930 790 primum
942 736 1088 778 locum
1098 735 1299 779 Leidensi
1310 736 1506 779 codici⁸⁷⁸
1518 737 1739 789 attribuit,
1751 750 1951 791 quaeque

143 802 424 848 Franciscum
448 802 687 855 Ritterum,
712 809 764 846 ut
788 816 939 845 omnes
963 803 1132 845 codices
1156 810 1330 856 praeter
1354 803 1620 846 Vaticanum
1647 804 1752 846 1862
1779 818 1830 847 ex
1854 804 1950 858 ipso

141 869 344 914 Leidensi
361 869 616 924 profluxisse
630 869 882 922 affirmaret,
895 869 1136 912 induxit.³⁷⁹
1166 870 1340 923 Dialogi
1351 870 1539 912 editores
1551 870 1732 924 stirpem
1753 887 1798 922 γ,
1816 883 1951 924 quam

141 935 335 989 nomino,
359 936 430 980 uel
444 936 624 979 omnino
637 935 707 978 uel
719 950 855 991 paene
879 935 1174 990 neglexerunt.
1229 936 1274 979 Si
1296 936 1376 978 hos
1399 936 1532 978 libros
1556 937 1806 990 diligentius
1829 937 1951 980 adhi-

142 1002 354 1056 buissent,
379 1003 500 1046 haud
523 1003 614 1046 scio
638 1016 695 1046 an
721 1003 778 1046 ad
801 1002 889 1045 alia
913 1002 968 1045 de
991 1002 1146 1045 ceteris
1170 1003 1471 1045 concludenda
1493 1003 1748 1056 peruenturi
1771 1003 1949 1046 fuerint.

144 1070 243 1114 Hoc
258 1083 339 1125 pro
357 1076 477 1114 certo
493 1069 650 1122 habeo,
667 1070 706 1112 si
721 1069 858 1112 codex
874 1070 1068 1112 Venetus
1084 1066 1172 1121 (M)
1191 1068 1237 1112 in
1257 1069 1435 1123 Dialogo
1453 1069 1647 1112 eiusdem
1664 1070 1722 1113 sit
1740 1070 1952 1113 bonitatis

143 1143 280 1192 atque
300 1136 348 1180 in
370 1137 552 1180 Suetoni
573 1137 835 1191 fragmento,
859 1136 1047 1179 editores
1069 1136 1273 1178 Taciteos
1296 1136 1416 1178 haud
1439 1143 1555 1179 recte
1577 1150 1679 1179 eum
1701 1137 1949 1192 neglexisse.

227 1205 298 1247 De
318 1204 498 1258 Dialogo
518 1210 668 1246 tamen
686 1202 872 1245 nimium
886 1209 1110 1257 praestare
1130 1203 1280 1255 nolim,
1295 1216 1438 1257 neque
1459 1203 1567 1245 mihi
1585 1210 1653 1247 est
1672 1217 1782 1258 opus
1802 1218 1826 1247 e
1843 1204 1950 1247 Dia-

142 1271 233 1326 logo
245 1270 512 1315 adminicula
525 1283 746 1324 quaerere,
760 1283 862 1313 cum
875 1270 1011 1312 codex
1025 1270 1290 1313 Bodleianus
1307 1283 1424 1312 nunc
1437 1277 1634 1324 repertus
1648 1270 1786 1313 cuiuis
1800 1278 1951 1325 aperte

144 1337 429 1390 demonstret,
452 1337 571 1392 quod
591 1337 650 1380 ad
672 1336 930 1379 Suetonium
951 1337 1129 1389 attinet,
1151 1350 1240 1379 non
1261 1350 1399 1379 unum
1420 1338 1497 1380 sed
1518 1338 1628 1380 duos
1649 1338 1818 1381 codices
1838 1339 1953 1381 inter

144 1401 181 1448 V
194 1401 229 1447 Ι.
242 1411 288 1448 et
303 1404 656 1450 Hersfeldensem
668 1404 832 1446 librum
846 1403 1126 1446 intercedere.
1172 1403 1262 1456 Sin,
1279 1411 1330 1447 ut
1345 1404 1514 1458 opinor,
1529 1405 1638 1447 satis
1654 1405 1953 1448 demonstraui

144 1471 314 1516 codices
332 1469 372 1514 0
391 1468 446 1514 W
463 1477 562 1514 tota
579 1471 724 1514 indole
742 1484 769 1513 a
786 1471 941 1514 ceteris
960 1471 1146 1523 differre,
1165 1477 1301 1524 atque
1319 1478 1485 1514 ceteros
1504 1485 1655 1515 omnes
1671 1479 1851 1526 propter
1869 1472 1952 1515 hoc

143 1538 304 1594 ipsum,
329 1538 450 1593 quod
473 1538 589 1581 inter
612 1552 658 1581 se
681 1538 772 1581 fere
795 1538 1075 1581 consentiant
1099 1538 1176 1581 ubi
1200 1539 1257 1581 ab
1284 1535 1323 1580 Ο
1350 1536 1403 1581 W
1429 1538 1690 1592 discrepent,
1716 1539 1793 1582 uni
1816 1546 1952 1593 atque

145 1605 288 1649 eidem
312 1605 554 1660 archetypo
579 1604 865 1659 assignandos
890 1619 997 1657 esse,
1025 1612 1122 1648 tum
1149 1605 1256 1647 mihi
1279 1605 1467 1648 libenter
1492 1606 1702 1649 concedes
1727 1620 1817 1650 non
1843 1607 1953 1650 duos

144 1672 223 1717 sed
248 1679 338 1717 tres
363 1672 534 1716 codices
559 1671 675 1715 inter
700 1669 737 1714 V
763 1669 796 1714 L
823 1678 868 1715 et
895 1672 1247 1716 Hersieldensem
1274 1673 1468 1716 codicem
1494 1672 1774 1716 intercedere.
1831 1673 1955 1716 Nihil

145 1739 325 1783 omnino
340 1739 387 1782 in
402 1738 694 1794 peculiaribus
710 1738 970 1782 lectionibus
988 1752 1111 1782 meae
1127 1739 1275 1794 stirpis
1299 1743 1328 1791 β
1343 1738 1553 1792 (familiae
1572 1737 1609 1782 X
1625 1739 1671 1782 in
1688 1740 1955 1784 editionibus

147 1804 353 1860 Taciteis)
384 1806 528 1859 uideo,
558 1819 636 1849 cur
664 1806 778 1849 hanc
806 1806 1086 1860 potissimum
1114 1807 1297 1861 stirpem
1325 1807 1413 1850 alia
1442 1807 1516 1850 uia
1544 1819 1597 1850 ac
1626 1814 1792 1850 ceteros
1821 1807 1955 1851 libros

145 1880 320 1929 praeter
349 1870 389 1916 Ο
420 1870 474 1916 W
503 1873 714 1928 originem
743 1887 795 1916 ex
825 1873 1123 1916 Hersfeldensi
1151 1874 1335 1917 traxisse
1363 1874 1568 1917 iudicem.
1628 1874 1836 1918 Totidem
1865 1875 1954 1918 fere

151 1953 306 1985 causas
323 1939 501 1984 inuenio
519 1954 596 1983 cur
615 1940 685 1983 uel
703 1940 886 1995 stirpem
907 1959 932 1983 α
951 1941 1021 1983 uel
1040 1941 1223 1995 stirpem
1241 1958 1271 1992 ’γ
1291 1947 1436 1984 totam
1455 1941 1722 1984 constituere
1741 1942 1956 1984 familiam

147 2021 175 2051 a
193 2007 348 2052 ceteris
364 2007 617 2051 absolutam
634 2007 894 2052 existimem.

238 2119 283 2143 ⁸⁷⁸
294 2119 386 2156 Vide
402 2129 510 2164 supra
526 2130 565 2164 p.
586 2119 662 2155 138.

240 2177 284 2199 δ”·
296 2175 341 2211 Ρ.
354 2174 507 2211 Cornelii
522 2175 635 2210 Taciti
644 2176 768 2219 Opera,
780 2175 921 2219 Lipsiae
934 2175 1031 2219 1864,
1043 2186 1079 2219 p.
1090 2175 1178 2211 XX.
