2340 3840
406 355 446 388 18
731 354 799 387 DE
816 352 1107 387 FRAGMENTI
1124 353 1419 387 SVETONIANI
1434 353 1502 386 DE
1519 352 1864 388 GRAMMATICIS
2113 355 2190 396 [518

404 466 533 508 unius
543 466 646 519 solii
663 479 757 507 cum
774 465 997 506 dimidi0.²⁶
1071 464 1264 506 Sedecim
1281 464 1411 517 igitur
1428 464 1531 506 folia
1549 465 1786 518 scripturae
1803 464 1931 517 plena
1948 478 2046 506 cum
2065 466 2190 508 dimi-

406 532 492 584 dio,
511 545 622 584 quae
639 531 922 573 Decembrius
939 537 1140 582 testatur,
1159 538 1203 572 et
1220 544 1355 572 unum
1372 530 1523 572 {olium
1541 543 1727 572 uacuum
1745 543 1845 572 cum
1861 531 2053 584 dimidio,
2072 533 2190 585 quod

407 599 537 652 Hugo
559 599 768 640 Haemste
790 597 947 639 codicis
969 597 1312 639 Vindobonensis
1334 597 1531 638 librarius
1552 597 1596 638 in
1611 597 1842 649 exemplari
1858 610 1935 638 suo
1955 597 2100 640 uidere
2118 597 2191 641 de·

408 665 554 715 bebat,
581 664 880 716 duodeuiginti
903 663 1072 705 faciunt
1095 663 1213 715 folia,
1240 677 1352 716 quae
1377 663 1614 704 monachus
1639 663 1952 705 Hersfeldensis
1977 663 2022 705 in
2046 663 2191 707 arche-

409 739 517 786 typo
531 731 713 774 inuenit.
745 733 798 772 In
812 731 923 773 libro
939 731 1231 774 Hersieldensi
1245 731 1377 784 igitur
1392 731 1545 772 folium
1562 731 1764 784 quintum
1781 731 1997 773 decimum
2013 738 2057 774 et
2071 732 2191 787 pagi-

409 812 466 842 na
489 798 606 852 prior
629 798 706 840 foli
729 797 840 840 sexti
863 797 1020 839 decimi
1043 810 1183 839 uacua
1207 804 1344 840 erant.
1394 799 1447 838 In
1471 797 1607 839 altera
1631 804 1780 839 autem
1803 797 1914 840 sexti
1937 797 2093 841 decimi
2115 798 2193 842 foti

408 865 567 919 pagina
588 865 758 917 Dialogi
775 870 920 906 textus
938 863 1080 905 uerbis
1097 877 1182 905 rem
1200 865 1373 916 cogitare
1390 864 1499 905 nihil
1517 864 1717 905 abiectum
1734 864 1844 905 nihil
1862 865 2017 906 humile
2033 865 2192 908 iterum

410 936 634 984 susceptus
651 943 786 982 usque
803 929 860 970 ad
877 928 1022 971 octaui
1038 929 1192 970 decimi
1209 929 1284 970 foli
1301 929 1430 970 finem
1446 929 1705 981 pertinebat.

492 996 619 1048 Quod
639 1002 788 1037 autem
809 995 1091 1037 Decembrius
1112 1009 1184 1036 sex
1204 994 1309 1037 folia
1329 1001 1430 1048 post
1450 994 1604 1036 folium
1626 1002 1831 1048 quartum
1853 995 2067 1038 decimum
2088 996 2192 1041 defi-

409 1077 503 1104 cere
520 1069 707 1104 testatus
722 1067 801 1113 est,
819 1075 918 1103 eum
933 1075 1005 1103 sex
1019 1061 1124 1102 folia
1139 1074 1278 1103 uacua
1293 1061 1338 1102 in
1353 1062 1448 1114 ipso
1463 1060 1756 1103 Hersfeldensi
1771 1062 1916 1104 codice
1932 1062 2090 1104 uidisse
2106 1076 2192 1104 non

410 1135 532 1182 puto,
555 1128 630 1170 sed
652 1128 792 1169 multo
813 1127 950 1181 magis
971 1127 1053 1169 hoc
1074 1127 1280 1169 indicium
1302 1128 1355 1170 de
1377 1141 1449 1169 sex
1469 1127 1584 1168 foliis
1606 1127 1903 1170 deficientibus
1924 1129 2012 1170 iam
2033 1129 2078 1170 in
2098 1129 2193 1183 ipso

412 1195 705 1237 Hersfeldensi
722 1194 931 1247 scriptum
946 1194 1160 1235 inuenisse
1177 1193 1402 1235 habendus
1418 1201 1497 1235 est.
1556 1194 1714 1236 Vtrum
1730 1208 1774 1236 re
1791 1207 1893 1236 uera
1910 1195 2192 1238 Decembrius

410 1275 478 1303 sex
485 1262 597 1315 solia
609 1275 665 1302 an
678 1274 747 1302 sex
762 1262 941 1314 paginas
956 1261 1001 1301 in
1015 1261 1307 1302 Hersfeldensi
1322 1260 1467 1302 codice
1480 1260 1629 1313 legerit
1643 1261 1711 1303 uel
1726 1261 1863 1314 legere
1879 1261 2112 1312 debuisset,
2133 1261 2192 1304 al-

411 1336 503 1370 tera
517 1335 582 1369 est
596 1328 806 1380 quaestio.
839 1326 985 1368 Codex
998 1327 1321 1369 ottobonianus
1335 1327 1387 1368 de
1402 1327 1474 1368 illa
1488 1327 1642 1368 lacuna
1657 1328 1762 1369 haec
1776 1334 1980 1370 testatur:
2007 1329 2076 1371 hic
2087 1329 2194 1370 deest

412 1395 598 1435 multum.
633 1395 679 1435 in
702 1394 926 1446 exemplari
949 1394 1100 1434 dicitur
1123 1394 1256 1435 deesse
1279 1407 1348 1434 sex
1372 1395 1567 1446 paginas;
1601 1394 1734 1435 codex
1772 1400 1920 1436 autem
1959 1395 2194 1436 Vaticanus

416 1462 537 1502 1862:
568 1461 633 1501 hic
655 1461 801 1501 desunt
830 1474 899 1501 sex
929 1460 1095 1512 pagello.
1154 1461 1345 1512 Vterque
1375 1460 1508 1501 codex
1538 1460 1729 1512 optimus
1750 1460 1977 1502 habendus
1998 1467 2079 1512 est,
2102 1467 2147 1503 et
2171 1475 2194 1503 e

413 1527 581 1568 duobus
617 1526 930 1567 Hersfeldensis
965 1526 1123 1567 codicis
1153 1526 1412 1579 apographis
1447 1526 1626 1567 diuersis
1660 1533 1780 1568 ortus
1815 1527 1994 1568 ducunt.
2053 1528 2194 1580 Quare

412 1593 678 1646 probabilius
705 1593 810 1633 mihi
837 1593 1009 1633 uidetur
1036 1606 1171 1633 unum
1199 1593 1504 1634 Decembrium
1521 1594 1634 1646 solia
1658 1606 1738 1646 pro
1765 1594 1944 1646 paginae
1968 1607 2195 1648 perperam

414 1659 629 1712 scripsisse
652 1672 783 1711 quam
807 1653 914 1699 duos
937 1659 1132 1700 librarios
1154 1660 1333 1711 paginae
1359 1658 1444 1709 (uel
1466 1658 1666 1712 pagellae)
1689 1659 1924 1701 scribentes
1945 1659 1990 1701 in
2010 1660 2195 1702 eundem

414 1739 598 1767 errorem
618 1726 827 1766 incidisse.
887 1726 982 1766 Hoc
1000 1732 1148 1766 autem
1166 1726 1308 1776 modo,
1328 1725 1408 1767 nisi
1426 1726 1564 1777 fallor,
1583 1725 1751 1767 factum
1768 1732 1834 1768 est
1852 1732 1902 1767 ut
1918 1726 2052 1769 codex
2068 1727 2196 1769 Otto-

414 1792 626 1833 bonianus
645 1798 688 1833 et
708 1792 841 1833 codex
860 1792 1218 1842 Vindobonensis‚
1241 1792 1314 1844 qui
1333 1799 1447 1833 certe
1466 1806 1517 1833 ex
1536 1792 1687 1834 eodem
1707 1793 1864 1834 codicis
1883 1792 2195 1836 Hersfeldensis

413 1858 663 1912 apographo
701 1858 949 1910 transcripti
987 1864 1102 1909 sunt,
1143 1858 1391 1899 testimonia
1428 1858 1642 1900 discordia
1679 1859 1732 1901 de
1767 1858 1922 1900 lacuna
1958 1858 2192 1912 proferant.

414 1924 700 1966 Ottoboniani
723 1924 922 1966 librarius
945 1925 989 1965 id
1014 1924 1131 1977 quod
1155 1925 1200 1966 in
1224 1925 1456 1977 exemplari
1480 1925 1688 1978 scriptum
1713 1925 1823 1967 uidit
1847 1932 2010 1977 narrat,
2034 1925 2110 1968 sed
2132 1926 2196 1968 ita

414 1998 540 2033 caute
569 1998 619 2032 ut
648 1991 780 2032 uerbo
808 1991 960 2032 dicitur
988 2004 1091 2032 usus
1119 1991 1188 2042 sit,
1219 1991 1324 2032 dum
1353 1991 1698 2033 Vindobonensis
1725 1991 1864 2033 scriba
1892 2005 1980 2033 non
2006 1992 2052 2034 id
2080 1992 2197 2045 quod

414 2058 623 2110 scriptum
642 2057 766 2108 uidit,
787 2057 861 2098 sed
879 2057 923 2098 id
942 2057 1059 2109 quod
1077 2071 1121 2098 re
1140 2070 1241 2098 uera
1260 2057 1304 2098 in
1322 2058 1553 2110 exemplari
1571 2071 1649 2099 suo
1667 2058 1859 2110 extabat,
1878 2058 1959 2099 hoc
1977 2065 2045 2100 est
2061 2071 2198 2100 unum

414 2124 566 2164 folium
582 2136 769 2164 uacuum
785 2137 883 2164 cum
899 2124 1091 2174 dimidio,
1111 2124 1343 2164 testatur.²⁶

501 2256 527 2278 ²⁶
539 2255 690 2291 Scheuet
706 2255 755 2300 (p.
771 2254 830 2297 48)
848 2260 884 2290 et
899 2255 1038 2299 Philipp
1056 2255 1169 2299 (1889,
1185 2267 1220 2300 p.
1237 2255 1330 2299 290),
1347 2256 1408 2299 qui
1423 2260 1570 2299 uterque
1583 2256 1678 2292 hunc
1692 2256 1847 2292 codicem
1860 2257 2097 2302 inspexerunt,
2112 2256 2202 2293 duas

414 2311 485 2346 fere
495 2311 641 2355 paginas
653 2322 726 2345 esse
738 2321 868 2345 uacuas
881 2315 1068 2346 testantur.
1116 2311 1367 2346 Gudemannus
1380 2316 1499 2346 tamen
1511 2311 1548 2346 in
1559 2316 1733 2356 apparatu
1747 2311 1807 2354 (ad
1818 2312 1951 2356 Dialog-
1964 2323 1995 2348 c.
2007 2312 2051 2348 35
2062 2312 2110 2349 ad
2121 2310 2197 2354 fin.)

414 2367 559 2402 obscure
570 2366 696 2409 aliquot
705 2377 824 2401 uersus
835 2366 938 2400 uacui
948 2366 1091 2410 profert.
1137 2367 1252 2409 Quare
1265 2366 1496 2402 Gudemanno
1506 2377 1578 2402 non
1588 2377 1731 2411 possum
1741 2377 1813 2402 non
1823 2366 1990 2411 diffidere,
2001 2378 2082 2404 cum
2092 2367 2201 2404 uerba

415 2423 468 2456 hic
481 2425 527 2456 est
538 2422 682 2465 desectus
694 2421 800 2456 uni—us
805 2421 889 2465 solii
900 2433 976 2455 cum
987 2422 1130 2456 dimidio
1143 2421 1315 2456 secundae
1327 2421 1447 2456 manui
1459 2421 1496 2456 in
1508 2423 1540 2457 V
1555 2422 1614 2464 (W
1624 2422 1663 2456 in
1675 2421 1787 2463 Suet.)
1801 2421 1978 2458 attribuit.

502 2478 528 2498 ²⁵
539 2476 789 2520 Quaestionem
803 2481 967 2511 uexatam
982 2476 1026 2511 de
1041 2476 1282 2519 magnitudine
1296 2477 1387 2511 illius
1401 2478 1539 2520 Dialogi
1552 2477 1698 2512 lacunae
1712 2477 1759 2512 ad
1773 2488 1936 2521 praesens
1949 2477 2124 2521 exagitare
2137 2488 2200 2514 no-

415 2532 489 2574 lim;
506 2531 559 2566 sin
573 2531 783 2567 crederimus
797 2531 834 2566 in
848 2531 1102 2566 Hersfeldensis
1116 2531 1245 2567 codicis
1259 2532 1450 2576 archetypo
1465 2543 1523 2567 sex
1537 2532 1682 2577 paginas
1696 2532 1752 2567 uel
1775 2537 1954 2568 uetustate
1975 2537 2201 2578 consumptas

416 2587 471 2621 uel
485 2587 600 2622 nescio
611 2598 682 2630 quo
692 2598 775 2621 casu
786 2586 968 2621 mutilatas
978 2587 1095 2630 fuisse,
1106 2587 1361 2622 Hersfeldensis
1370 2592 1491 2622 autem
1500 2587 1680 2622 librarium
1689 2587 1726 2622 in
1737 2587 1855 2623 codice
1864 2598 1928 2623 suo
1937 2588 2112 2624 exarando
2121 2599 2200 2624 eam

415 2643 587 2677 rationem
598 2646 757 2677 secutum
767 2653 841 2676 esse
852 2647 894 2677 ut
905 2642 1108 2686 exemplaris
1118 2642 1273 2685 singulae
1283 2642 1431 2686 paginae
1450 2642 1592 2686 singulis
1603 2642 1792 2678 columellis
1810 2642 1847 2678 in
1855 2653 1948 2678 nouo
1955 2643 2074 2679 oodioe
2090 2643 2201 2679 conti·

415 2702 590 2740 nerentur,
603 2697 721 2732 omnia
732 2697 779 2732 ad
790 2697 963 2740 liquidum
974 2697 1117 2741 perduci
1126 2697 1350 2733 uidebuntur.
1395 2698 1491 2732 Nam
1502 2697 1755 2733 Hersfeldensis
1766 2697 1894 2733 codicis
1905 2697 2066 2734 librarius
2076 2709 2136 2734 m
2143 2709 2202 2734 co-

414 2753 583 2795 lumellas,
598 2752 664 2788 hoc
677 2757 732 2787 est
745 2763 855 2787 unum
868 2752 991 2787 folium
1005 2764 1085 2787 curn
1099 2752 1254 2796 dimidio,
1265 2764 1394 2788 uacuas
1408 2764 1449 2788 ea
1463 2753 1598 2788 ratione
1611 2753 1803 2796 relinquere
1815 2753 1935 2798 potuit
1948 2758 1990 2789 ut
2002 2764 2044 2789 ea
2058 2764 2150 2798 quae
2162 2753 2200 2790 in

416 2807 602 2852 exemplari
619 2819 677 2842 sex
694 2807 829 2851 paginis
846 2812 1013 2842 contenta
1030 2813 1156 2850 essent,
1175 2807 1204 2842 si
1221 2807 1304 2843 olim
1322 2807 1489 2851 integrius
1506 2809 1644 2851 Dialogi
1660 2808 1834 2852 exemplar
1849 2808 1887 2843 in
1903 2808 2016 2844 lucem
2032 2808 2199 2853 prodhet,

416 2863 453 2898 in
464 2863 518 2897 sui
529 2862 656 2898 codicis
667 2874 726 2897 sex
737 2862 926 2898 columellis
937 2862 1057 2898 uacuis
1068 2862 1309 2898 scriberentur.
1347 2863 1425 2906 Sed,
1438 2868 1480 2898 ut
1491 2863 1535 2898 de
1546 2863 1727 2907 archetypi
1738 2863 1939 2898 condicione
1950 2863 2200 2899 accuratiorem

417 2917 581 2952 notitiam
592 2918 703 2960 daret,
715 2930 772 2952 sex
782 2919 927 2961 paginas
938 2919 977 2953 in
988 2919 1170 2961 exemplari
1179 2918 1324 2953 deficere
1335 2918 1509 2962 scripsisse
1520 2918 1669 2953 uidetur.

505 2973 610 3007 Meae
625 2972 753 3008 rationi
767 2984 839 3008 non
854 2973 986 3016 obstat,
1002 2974 1098 3016 quod
1114 2973 1282 3016 Georgius
1296 2973 1463 3008 Wissowa
1480 2973 1529 3017 (p.
1545 2972 1648 3015 XIV)
1666 2974 1808 3016 Dialogo
1821 2974 1930 3009 XVII
1943 2973 2028 3009 folia
2044 2945 2200 3009 tribuens

417 3028 572 3063 codicem
589 3027 897 3063 Hersfeldensem
886 3039 924 3063 m
940 3039 1000 3063 sex
1017 3028 1274 3072 quaterniones,
1292 3028 1384 3063 inter
1401 3029 1543 3063 tertiam
1560 3033 1597 3064 et
1614 3033 1778 3072 quartam
1794 3028 1932 3064 duobus
1947 3028 2040 3064 foliis
2055 3028 2148 3064 inter
2163 3039 2200 3064 se

417 3082 684 3118 cohaerentibus
695 3082 922 3127 interpositis,
934 3083 987 3118 ita
999 3088 1041 3118 ut
1054 3088 1151 3119 totus
1162 3084 1327 3127 Dialogus
1339 3088 1376 3118 et
1388 3083 1532 3119 Suetoni
1544 3083 1780 3127 fragmentum
1793 3083 1905 3119 tribus
1917 3083 2049 3119 ultimis
2060 3089 2200 3127 quater-

416 3138 579 3174 nionibus
599 3137 871 3182 continerentur,
894 3143 969 3173 tam
988 3138 1100 3182 perite
1121 3134 1254 3182 redegit
1276 3138 1372 3180 (uide
1392 3138 1578 3182 imaginem
1598 3139 1645 3173 ab
1666 3138 1788 3174 eodem
1807 3137 2009 3182 prolatam).
2055 3139 2151 3174 Nam
2170 3138 2200 3173 si

416 3194 580 3236 Dialogus
595 3204 666 3228 non
681 3204 802 3236 unum,
818 3198 859 3228 ut
873 3193 1016 3237 putauit
1030 3194 1208 3237 Wissowa,
1224 3194 1285 3228 sed
1299 3193 1370 3228 duo
1384 3193 1528 3228 ultimae
1543 3193 1781 3236 quaternionis
1795 3193 1878 3228 folia
1892 3193 2199 3238 complectebatur,
