2340 3840
172 340 251 384 ⁶⁷11
574 342 639 375 ΕΤ
655 342 965 377 RHETORIBVS
983 342 1209 378 CODICVM
1226 342 1364 377 NEXV
1381 343 1444 376 ET
1460 343 1577 377 FIDE
1915 342 1976 377 171

172 451 586 507 interpolationibus
608 453 838 495 libidinose
862 467 963 495 eum
985 453 1214 496 indulsisse
1237 461 1372 508 atque
1402 454 1720 497 transcribendi
1747 467 1879 509 opera
1904 468 1977 497 ne-

172 519 394 575 glegenter
415 519 620 562 functum
643 533 734 562 esse
755 520 892 562 cuiuis
912 527 1110 575 apparet.
1166 522 1216 563 C.
1245 522 1295 563 18
1317 519 1377 574 (p.
1407 523 1499 573 114,
1524 519 1565 573 5)
1590 522 1906 575 mimographis‚
1931 521 1977 564 hi

172 585 343 630 codicae
363 586 681 629 Hersfeldensis
702 587 971 639 memoriam,
992 587 1094 630 licet
1114 587 1381 641 imperfecte,
1402 600 1606 630 reuocare
1627 588 1734 630 mihi
1754 588 1974 640 uidentur,

172 652 250 696 sed
266 652 454 696 libenter
473 654 664 696 concedo
684 667 757 696 eos
775 653 995 696 leuissima
1014 668 1107 697 esse
1125 654 1460 697 auctoritate.³⁰⁰

256 721 356 764 Vna
373 719 656 774 interpolatio
676 720 746 763 uel
765 734 883 763 error
902 721 1059 763 horum
1078 721 1292 774 codicum,
1313 734 1350 764 c.
1373 723 1425 763 23
1444 720 1505 774 (p.
1531 722 1623 773 118,
1644 719 1686 772 3)
1707 722 1782 775 qui
1800 735 1909 774 cum,
1930 722 1976 763 in

172 786 439 830 editionibus
463 801 602 841 usque
626 787 685 830 ad
709 787 823 830 hanc
847 787 964 830 diem
987 788 1244 841 permansit,
1269 787 1353 830 nisi
1378 788 1497 842 quod
1523 787 1878 830 Reifferscheidio
1902 789 1977 842 qni

170 851 297 907 (cnm)
321 867 417 897 eum
438 854 565 897 edere
585 854 767 908 placuit.
820 855 880 897 Et
903 855 1104 897 codicum
1126 855 1379 897 testimonia
1402 861 1447 897 et
1469 854 1643 908 linguae
1665 855 1850 897 Latinae
1873 867 1976 896 usus

109 949 115 957 ·
171 920 401 975 postulant
427 927 479 964 ut
504 921 625 964 locus
651 921 714 964 sic
740 921 915 963 edatur:
941 922 1016 975 qui
1041 935 1137 964 eum
1163 922 1213 964 in
1237 923 1359 964 turba
1385 922 1574 964 osculum
1599 922 1684 963 sibi
1709 922 1974 975 ingerentem,

171 1001 425 1043 quamquam
443 988 668 1042 refugiens,
688 988 874 1030 deuitare
892 1002 979 1030 non
998 993 1148 1042 posset.

257 1054 310 1098 C.
330 1053 380 1098 17
394 1053 456 1109 (p.
473 1056 566 1107 113,
578 1052 646 1107 20)
658 1060 800 1097 contra
814 1068 895 1108 pro
910 1055 1022 1097 circa
1031 1054 1302 1098 Vahlenus⁸⁰¹
1313 1054 1635 1097 restituendum
1646 1067 1738 1097 esse
1748 1054 1976 1107 iudicauit,

172 1121 293 1176 quod
313 1121 406 1164 sine
427 1121 564 1164 dubio
583 1134 828 1175 numquam
849 1121 1037 1174 fecisset,
1059 1121 1144 1164 nisi
1174 1121 1556 1164 Reifferscheidius
1577 1121 1811 1164 lectionem
1835 1126 1978 1164 contra

170 1187 292 1231 libris
306 1185 347 1231 0
361 1185 404 1231 N
416 1185 438 1230 Ι
450 1188 562 1232 falso
574 1188 864 1232 attribuisset.
896 1189 1036 1242 Quem
1050 1202 1239 1232 errorem
1251 1188 1369 1232 idem
1384 1188 1764 1231 Reifferscheidius
1774 1188 1980 1242 postea³⁰²

171 1255 371 1308 correxit,
391 1255 469 1298 sed
487 1255 534 1298 in
553 1256 742 1298 alterum
762 1256 964 1309 delapsus
984 1262 1065 1308 est,
1087 1269 1188 1299 cum
1207 1256 1471 1310 scripturam
1490 1261 1633 1298 contra
1652 1269 1741 1298 non
1761 1262 1866 1298 ante
1885 1267 1977 1298 sae-

171 1321 320 1366 culum
337 1329 511 1366 sextum
530 1323 749 1365 decimum
767 1322 813 1364 in
833 1323 1046 1365 editiones
1065 1323 1294 1377 inrepsisse
1314 1323 1438 1366 dixit.
1487 1323 1607 1365 Nam
1626 1329 1768 1366 contra
1787 1323 1845 1366 ab
1864 1322 1978 1365 Aldo

171 1402 224 1432 ex
242 1389 434 1433 editione
453 1391 622 1433 Veneta
640 1403 682 1432 a.
707 1389 814 1432 1474
832 1396 1086 1444 susceptum
1106 1391 1337 1444 uulgatum
1357 1397 1441 1442 est;
1463 1391 1582 1444 quod
1601 1403 1628 1432 a
1647 1390 1823 1432 Trossio
1843 1390 1977 1434 etiam

171 1457 417 1512 neglectum
430 1457 632 1500 Osannus
645 1458 812 1512 primus
826 1458 986 1500 reiecit.

254 1523 376 1566 Libri
393 1520 427 1566 C
442 1527 478 1566 Δ
499 1521 540 1573 Q
558 1524 780 1577 editioque
797 1525 967 1567 Veneta
983 1531 1030 1567 et
1046 1523 1130 1578 ipsi
1146 1524 1192 1566 in
1210 1524 1319 1567 duas
1337 1531 1478 1567 sectas
1496 1524 1561 1567 ita
1578 1538 1670 1567 sese
1688 1523 1974 1575 distribuunt,

171 1596 224 1634 ut
244 1590 390 1633 nullus
410 1604 561 1633 eorum
583 1605 635 1634 ex
656 1591 751 1645 ipso
777 1595 799 1634 0
829 1591 1062 1634 transcribi
1081 1591 1291 1645 potuerit,
1323 1591 1400 1634 sed
1421 1592 1479 1634 ad
1503 1591 1591 1633 duo
1624 1591 1785 1634 codicis
1816 1594 1839 1634 θ
1871 1602 1976 1644 apo-

171 1657 340 1711 grapha
366 1657 608 1711 deperdita,
637 1671 750 1711 quae
775 1676 794 1701 ε
821 1665 866 1701 et
890 1678 919 1711 μ
945 1658 1137 1711 nomino,
1166 1658 1380 1701 referendi
1405 1658 1508 1701 sint.
1566 1660 1631 1700 Ex
1669 1657 1922 1711 apographo
1959 1675 1976 1699 ε

173 1723 581 1768 Cheltenhamensis
595 1721 665 1777 (C)
683 1732 728 1768 et
745 1726 836 1768 eius
854 1726 1138 1780 apographon
1156 1726 1433 1768 Florentinus
1448 1723 1530 1778 (F),
1548 1733 1593 1768 et
1610 1725 1850 1768 Vaticanus
1867 1725 1977 1767 4498

113 1846 121 1855 ·
169 1789 234 1844 (A)
253 1798 378 1834 ortus
396 1792 579 1835 ducunt.
637 1793 703 1834 Ex
721 1793 975 1847 apographo
992 1812 1020 1845 μ
1037 1800 1188 1835 autem
1205 1793 1507 1847 profluxerunt
1525 1793 1661 1835 editio
1679 1794 1849 1835 Veneta
1871 1790 1978 1834 1474

171 1865 218 1902 et
240 1858 529 1902 Berolinensis
550 1856 644 1911 (Q),
667 1860 744 1902 sed
767 1873 818 1902 ea
841 1860 1010 1902 ratione
1032 1868 1085 1904 ut
1107 1860 1309 1902 librarius
1334 1860 1409 1914 qui
1433 1859 1757 1902 Berolinensem
1781 1858 1978 1902 exarauit

171 1925 363 1968 Pontani
382 1939 560 1980 quoque
579 1926 740 1968 librum
760 1927 1053 1969 adhiberet.⁸⁰³

171 2051 212 2092 6.
270 2051 419 2092 INTER
448 2051 649 2093 Comcns
680 2047 712 2092 C
741 2048 774 2092 F
800 2054 832 2092 Δ
863 2065 922 2093 Er
949 2055 971 2093 θ
997 2053 1316 2094 AchErYPvM
1343 2064 1641 2093 DEPERm‘rVM
1668 2068 1686 2092 ε
1721 2062 1978 2093 PONENDvM

918 2130 1302 2161 DEMONSTRATVR.

259 2216 506 2259 Consensus
522 2218 656 2260 mirus
671 2218 785 2260 inter
804 2219 973 2261 codices
990 2216 1022 2261 C
1039 2226 1084 2261 et
1096 2222 1130 2260 Δ
1145 2218 1190 2260 in
1212 2218 1581 2272 inscriptionibus,
1601 2218 1678 2260 ubi
1698 2217 1833 2260 uerba
1853 2218 1979 2260 histo-

170 2283 252 2325 rici
263 2290 310 2326 et
321 2285 556 2338 proemium
569 2284 835 2339 interpolata
848 2293 966 2337 sunt,
978 2299 1111 2339 supra
1123 2285 1185 2339 (p.
1202 2285 1296 2338 142)
1314 2285 1451 2328 uideri
1463 2285 1678 2339 potest.⁸⁰⁴
1732 2284 1979 2326 Librarium

170 2365 202 2401 γ
212 2349 409 2393 libellum
421 2358 622 2394 nostrum
629 2352 834 2406 bipertite
850 2353 1120 2395 distribuisse
1135 2364 1267 2407 supra
1284 2353 1346 2406 (p.
1359 2352 1453 2405 141)
1469 2352 1696 2395 adnotaui.
1728 2352 1856 2404 Quod
1869 2364 1978 2404 opus

138 2463 142 2466 ,
171 2416 218 2459 in
243 2413 277 2460 C
300 2420 335 2460 A
359 2418 424 2461 ita
459 2426 526 2462 est
559 2419 818 2472 perfectum,
845 2427 896 2462 ut
921 2420 1308 2474 grammaticorum
1333 2420 1462 2462 index
1488 2419 1528 2462 ei
1550 2419 1669 2473 parti
1694 2432 1807 2473 quae
1832 2426 1899 2461 est
1925 2418 1979 2460 de

171 2485 484 2538 grammaticiS‚
515 2486 740 2528 rhetorum
769 2494 920 2529 autem
949 2487 1078 2529 index
1107 2487 1234 2529 alteri
1261 2487 1380 2541 parti
1410 2500 1522 2540 quae
1552 2493 1619 2529 est
1649 2486 1702 2528 de
1732 2485 1979 2528 rhetoribus

171 2551 435 2605 praemissus
451 2552 522 2595 sit.
571 2554 685 2595 Cum
701 2560 851 2595 tamen
866 2553 1029 2596 indices
1045 2554 1090 2596 in
1111 2551 1150 2603 Q
1167 2561 1213 2597 et
1228 2555 1398 2597 Veneta
1414 2554 1604 2596 editione
1621 2553 1841 2604 deficiant,
1858 2552 1979 2594 nulla

172 2624 240 2661 est
265 2631 398 2661 causa
423 2633 500 2661 cur
525 2619 633 2662 haec
659 2620 912 2663 distributio
937 2621 995 2663 ad
1021 2621 1215 2663 codicem
1246 2626 1267 2664 θ
1298 2621 1446 2663 referri
1471 2634 1560 2663 non
1585 2620 1738 2674 possit.
1803 2621 1856 2661 In
1884 2616 1918 2661 C
1943 2623 1976 2660 A

171 2684 352 2739 singulis
367 2686 586 2740 capitibus
602 2687 796 2741 singulae
810 2687 1114 2742 inscriptiones
1129 2688 1175 2730 in
1190 2688 1285 2742 ipso
1301 2688 1451 2730 ordine
1465 2688 1683 2741 praefixae
1698 2693 1816 2729 sunt.
1848 2688 1976 2728 Prae-

174 2758 242 2794 ter
259 2753 647 2806 grammaticorum
667 2761 711 2797 et
731 2755 956 2797 rhetorum
974 2755 1154 2797 nomina
1173 2755 1352 2809 singulis
1372 2755 1591 2809 capitibus
1610 2754 1850 2808 praemissa
1869 2754 1977 2795 haec

172 2831 347 2872 quoque
375 2819 588 2862 inuenies:
617 2822 675 2863 ad
703 2835 740 2863 c.
774 2823 794 2863 1
824 2821 883 2875 (p.
918 2823 1010 2875 100,
1044 2821 1080 2874 1)
1114 2823 1200 2864 DE
1228 2823 1503 2866 GRAMMA
1518 2823 1699 2864 TICES
1730 2822 1976 2863 INVEN-

178 2886 327 2929 TION
333 2887 373 2928 E
409 2884 442 2929 C
490 2888 553 2929 De
574 2889 820 2930 inuentione
839 2891 1127 2942 grammatices
1148 2893 1199 2941 A;
1244 2890 1301 2932 ad
1324 2903 1360 2931 c.
1384 2891 1412 2931 4
1432 2888 1492 2943 (p.
1520 2891 1613 2941 103,
1637 2887 1677 2940 5)
1705 2890 1768 2930 De
1791 2888 1978 2942 appella—

260 2998 302 3021 Μ
312 2998 402 3035 Vide
414 3009 522 3043 supra
535 3011 571 3043 p.
587 3000 642 3035 82.

261 3054 301 3077 ⁸⁰¹
315 3053 412 3098 1877,
427 3066 463 3099 p.
478 3055 512 3090 4.

262 3108 412 3153 ”1877,
426 3122 463 3154 p.
478 3112 511 3146 4.

261 3166 304 3188 ⁸⁰¹
314 3165 404 3202 Vide
417 3166 509 3202 infra
523 3178 559 3210 p.
579 3167 638 3201 181
658 3178 710 3211 sq.

261 3221 303 3244 ⁸⁸⁴
315 3221 495 3257 Librarius
509 3220 536 3256 F
551 3222 633 3258 libri
646 3223 909 3267 inscriptionem
925 3235 989 3259 suo
1004 3225 1150 3260 arbitrio
1165 3225 1332 3260 mutauit.
1379 3224 1468 3260 Vide
1483 3235 1589 3268 supra
1603 3235 1639 3268 p.
1657 3223 1732 3259 142.
