<?xml version="1.0" encoding="UTF-8"?>
<!DOCTYPE html PUBLIC "-//W3C//DTD XHTML 1.0 Transitional//EN"
    "http://www.w3.org/TR/xhtml1/DTD/xhtml1-transitional.dtd">
<html xmlns="http://www.w3.org/1999/xhtml" xml:lang="en" lang="en">
 <head>
  <title>
</title>
<meta http-equiv="Content-Type" content="text/html;charset=utf-8" />
  <meta name='ocr-system' content='tesseract 3.04.00' />
  <meta name='ocr-capabilities' content='ocr_page ocr_carea ocr_par ocr_line ocrx_word'/>
</head>
<body>
  <div class='ocr_page' id='page_1' title='image "./defragmentisueto00robiuoft_0060.png"; bbox 0 0 2340 3840; ppageno 0'>
   <div class='ocr_carea' id='block_1_1' title="bbox 405 380 2192 424">
    <p class='ocr_par' dir='ltr' id='par_1_1' title="bbox 405 380 2192 424">
     <span class='ocr_line' id='line_1_1' title="bbox 405 380 2192 424; baseline 0.001 -9"><span class='ocrx_word' id='word_1_1' title='bbox 405 381 449 415; x_wconf 87' lang='grc'><strong>56</strong></span> <span class='ocrx_word' id='word_1_2' title='bbox 736 381 804 415; x_wconf 93' lang='lat' dir='ltr'><strong>DE</strong></span> <span class='ocrx_word' id='word_1_3' title='bbox 821 380 1113 415; x_wconf 85' lang='lat' dir='ltr'><strong>FRAGMENTI</strong></span> <span class='ocrx_word' id='word_1_4' title='bbox 1128 380 1422 416; x_wconf 86' lang='lat' dir='ltr'>SVETONIANI</span> <span class='ocrx_word' id='word_1_5' title='bbox 1438 381 1506 415; x_wconf 90' lang='lat' dir='ltr'><strong>DE</strong></span> <span class='ocrx_word' id='word_1_6' title='bbox 1523 380 1868 416; x_wconf 86' lang='lat' dir='ltr'>GRAMMATICIS</span> <span class='ocrx_word' id='word_1_7' title='bbox 2114 381 2192 424; x_wconf 79' lang='lat'>[556</span> 
     </span>
    </p>
   </div>
   <div class='ocr_carea' id='block_1_2' title="bbox 406 489 2196 2468">
    <p class='ocr_par' dir='ltr' id='par_1_2' title="bbox 406 489 2186 610">
     <span class='ocr_line' id='line_1_2' title="bbox 407 489 2186 546; baseline 0.001 -12"><span class='ocrx_word' id='word_1_8' title='bbox 407 494 451 534; x_wconf 91' lang='lat' dir='ltr'><strong>in</strong></span> <span class='ocrx_word' id='word_1_9' title='bbox 468 490 518 544; x_wconf 85' lang='lat' dir='ltr'><strong>B,</strong></span> <span class='ocrx_word' id='word_1_10' title='bbox 535 506 622 534; x_wconf 88' lang='lat' dir='ltr'><strong>sero</strong></span> <span class='ocrx_word' id='word_1_11' title='bbox 656 493 723 534; x_wconf 89' lang='lat' dir='ltr'><strong>uel</strong></span> <span class='ocrx_word' id='word_1_12' title='bbox 743 492 906 545; x_wconf 88' lang='lat' dir='ltr'><strong>aliquid</strong></span> <span class='ocrx_word' id='word_1_13' title='bbox 927 506 976 533; x_wconf 90' lang='lat' dir='ltr'><strong>ex</strong></span> <span class='ocrx_word' id='word_1_14' title='bbox 995 506 1082 533; x_wconf 85' lang='lat' dir='ltr'><strong>sero</strong></span> <span class='ocrx_word' id='word_1_15' title='bbox 1102 492 1385 545; x_wconf 84' lang='lat' dir='ltr'><strong>corruptum²¹</strong></span> <span class='ocrx_word' id='word_1_16' title='bbox 1413 492 1457 533; x_wconf 91' lang='lat' dir='ltr'><strong>in</strong></span> <span class='ocrx_word' id='word_1_17' title='bbox 1477 492 1628 534; x_wconf 88' lang='lat' dir='ltr'><strong>eodem</strong></span> <span class='ocrx_word' id='word_1_18' title='bbox 1648 489 1681 533; x_wconf 87' lang='grc' dir='ltr'><strong><em>Β</em></strong></span> <span class='ocrx_word' id='word_1_19' title='bbox 1707 492 1889 546; x_wconf 85' lang='lat' dir='ltr'><strong>margini</strong></span> <span class='ocrx_word' id='word_1_20' title='bbox 1918 493 2186 546; x_wconf 85' lang='lat' dir='ltr'><strong>adscriptum</strong></span> 
     </span>
     <span class='ocr_line' id='line_1_3' title="bbox 406 557 1638 610; baseline -0.002 -9"><span class='ocrx_word' id='word_1_21' title='bbox 406 559 704 601; x_wconf 88' lang='lat' dir='ltr'><strong>inueniuntur!</strong></span> <span class='ocrx_word' id='word_1_22' title='bbox 753 559 870 610; x_wconf 89' lang='lat' dir='ltr'><strong>Quas</strong></span> <span class='ocrx_word' id='word_1_23' title='bbox 889 558 1094 600; x_wconf 90' lang='lat' dir='ltr'><strong>lectiones</strong></span> <span class='ocrx_word' id='word_1_24' title='bbox 1114 558 1226 600; x_wconf 83' lang='lat' dir='ltr'><strong>infra</strong></span> <span class='ocrx_word' id='word_1_25' title='bbox 1245 557 1381 599; x_wconf 83' lang='lat' dir='ltr'><strong>fusius</strong></span> <span class='ocrx_word' id='word_1_26' title='bbox 1410 559 1638 600; x_wconf 87' lang='lat' dir='ltr'><strong>excutiam.</strong></span> 
     </span>
    </p>

    <p class='ocr_par' dir='ltr' id='par_1_3' title="bbox 408 621 2196 2468">
     <span class='ocr_line' id='line_1_4' title="bbox 495 621 2192 677; baseline 0.001 -10"><span class='ocrx_word' id='word_1_27' title='bbox 495 626 607 667; x_wconf 92' lang='lat' dir='ltr'><strong>Cum</strong></span> <span class='ocrx_word' id='word_1_28' title='bbox 623 631 772 667; x_wconf 88' lang='lat' dir='ltr'><strong>autem</strong></span> <span class='ocrx_word' id='word_1_29' title='bbox 789 622 827 666; x_wconf 93' lang='grc' dir='ltr'><strong>Ο</strong></span> <span class='ocrx_word' id='word_1_30' title='bbox 845 625 888 666; x_wconf 91' lang='lat' dir='ltr'><strong>in</strong></span> <span class='ocrx_word' id='word_1_31' title='bbox 906 625 964 666; x_wconf 84' lang='lat' dir='ltr'><strong>eis</strong></span> <span class='ocrx_word' id='word_1_32' title='bbox 980 625 1236 666; x_wconf 88' lang='lat' dir='ltr'><strong>lectionibus</strong></span> <span class='ocrx_word' id='word_1_33' title='bbox 1255 637 1361 677; x_wconf 89' lang='lat' dir='ltr'><strong>quas</strong></span> <span class='ocrx_word' id='word_1_34' title='bbox 1379 625 1508 666; x_wconf 93' lang='lat' dir='ltr'><strong>modo</strong></span> <span class='ocrx_word' id='word_1_35' title='bbox 1525 624 1658 666; x_wconf 89' lang='lat' dir='ltr'><strong>citaui</strong></span> <span class='ocrx_word' id='word_1_36' title='bbox 1674 638 1773 666; x_wconf 91' lang='lat' dir='ltr'><strong>curn</strong></span> <span class='ocrx_word' id='word_1_37' title='bbox 1789 625 1922 667; x_wconf 84' lang='lat' dir='ltr'><strong>fratre</strong></span> <span class='ocrx_word' id='word_1_38' title='bbox 1942 638 2021 668; x_wconf 92' lang='lat' dir='ltr'><strong>suo</strong></span> <span class='ocrx_word' id='word_1_39' title='bbox 2051 621 2104 667; x_wconf 85' lang='lat' dir='ltr'>W</span> <span class='ocrx_word' id='word_1_40' title='bbox 2127 626 2192 669; x_wconf 74' lang='lat' dir='ltr'><strong>ia-</strong></span> 
     </span>
     <span class='ocr_line' id='line_1_5' title="bbox 410 691 2192 743; baseline 0.001 -10"><span class='ocrx_word' id='word_1_41' title='bbox 410 693 510 743; x_wconf 89' lang='lat' dir='ltr'><strong>ciat,</strong></span> <span class='ocrx_word' id='word_1_42' title='bbox 523 692 622 733; x_wconf 90' lang='lat' dir='ltr'><strong>inde</strong></span> <span class='ocrx_word' id='word_1_43' title='bbox 638 691 776 733; x_wconf 91' lang='lat' dir='ltr'><strong>elucet</strong></span> <span class='ocrx_word' id='word_1_44' title='bbox 789 705 920 743; x_wconf 91' lang='lat' dir='ltr'><strong>quam</strong></span> <span class='ocrx_word' id='word_1_45' title='bbox 934 691 1058 743; x_wconf 89' lang='lat' dir='ltr'><strong>longe</strong></span> <span class='ocrx_word' id='word_1_46' title='bbox 1074 704 1099 732; x_wconf 86' lang='lat' dir='ltr'><strong>a</strong></span> <span class='ocrx_word' id='word_1_47' title='bbox 1111 704 1212 732; x_wconf 90' lang='lat' dir='ltr'><strong>uero</strong></span> <span class='ocrx_word' id='word_1_48' title='bbox 1227 691 1491 732; x_wconf 87' lang='lat' dir='ltr'><strong>aberrauerit</strong></span> <span class='ocrx_word' id='word_1_49' title='bbox 1504 691 1876 732; x_wconf 85' lang='lat' dir='ltr'><strong>Reifferscheidius</strong></span> <span class='ocrx_word' id='word_1_50' title='bbox 1888 704 1988 733; x_wconf 92' lang='lat' dir='ltr'><strong>cum</strong></span> <span class='ocrx_word' id='word_1_51' title='bbox 1999 691 2192 735; x_wconf 84' lang='lat' dir='ltr'><strong>codicem</strong></span> 
     </span>
     <span class='ocr_line' id='line_1_6' title="bbox 412 754 2192 812; baseline 0.001 -12"><span class='ocrx_word' id='word_1_52' title='bbox 412 755 449 800; x_wconf 92' lang='lat' dir='ltr'>O</span> <span class='ocrx_word' id='word_1_53' title='bbox 471 758 641 800; x_wconf 84' lang='lat' dir='ltr'><strong>saeculo</strong></span> <span class='ocrx_word' id='word_1_54' title='bbox 661 764 782 799; x_wconf 89' lang='lat' dir='ltr'><strong>sexto</strong></span> <span class='ocrx_word' id='word_1_55' title='bbox 803 758 969 798; x_wconf 91' lang='lat' dir='ltr'><strong>decimo</strong></span> <span class='ocrx_word' id='word_1_56' title='bbox 989 757 1225 798; x_wconf 83' lang='lat' dir='ltr'><strong>attribuere</strong></span> <span class='ocrx_word' id='word_1_57' title='bbox 1246 757 1388 798; x_wconf 90' lang='lat' dir='ltr'><strong>uellet.</strong></span> <span class='ocrx_word' id='word_1_58' title='bbox 1439 758 1641 810; x_wconf 83' lang='lat' dir='ltr'><strong>Namque</strong></span> <span class='ocrx_word' id='word_1_59' title='bbox 1662 754 1728 808; x_wconf 91' lang='lat' dir='ltr'><strong>W,</strong></span> <span class='ocrx_word' id='word_1_60' title='bbox 1750 764 1800 799; x_wconf 91' lang='lat' dir='ltr'><strong>ut</strong></span> <span class='ocrx_word' id='word_1_61' title='bbox 1819 757 1909 798; x_wconf 89' lang='lat' dir='ltr'><strong>eius</strong></span> <span class='ocrx_word' id='word_1_62' title='bbox 1929 757 2192 812; x_wconf 83' lang='lat' dir='ltr'>subscriptio</span> 
     </span>
     <span class='ocr_line' id='line_1_7' title="bbox 411 823 2193 876; baseline 0.001 -10"><span class='ocrx_word' id='word_1_63' title='bbox 411 825 551 876; x_wconf 91' lang='lat' dir='ltr'><strong>docet,</strong></span> <span class='ocrx_word' id='word_1_64' title='bbox 578 837 693 866; x_wconf 88' lang='lat' dir='ltr'><strong>anno</strong></span> <span class='ocrx_word' id='word_1_65' title='bbox 722 825 827 865; x_wconf 87' lang='lat'><strong>1466</strong></span> <span class='ocrx_word' id='word_1_66' title='bbox 853 830 1053 864; x_wconf 88' lang='lat' dir='ltr'><strong>exaratus</strong></span> <span class='ocrx_word' id='word_1_67' title='bbox 1079 831 1158 865; x_wconf 89' lang='lat' dir='ltr'><strong>est.</strong></span> <span class='ocrx_word' id='word_1_68' title='bbox 1214 823 1328 875; x_wconf 88' lang='lat' dir='ltr'><strong>Quin</strong></span> <span class='ocrx_word' id='word_1_69' title='bbox 1353 823 1487 865; x_wconf 88' lang='lat' dir='ltr'><strong>etiam</strong></span> <span class='ocrx_word' id='word_1_70' title='bbox 1512 823 1651 864; x_wconf 88' lang='lat' dir='ltr'><strong>habeo</strong></span> <span class='ocrx_word' id='word_1_71' title='bbox 1686 837 1761 864; x_wconf 92' lang='lat' dir='ltr'><strong>cur</strong></span> <span class='ocrx_word' id='word_1_72' title='bbox 1795 824 1968 865; x_wconf 88' lang='lat' dir='ltr'><strong>credam</strong></span> <span class='ocrx_word' id='word_1_73' title='bbox 2002 824 2193 867; x_wconf 84' lang='lat' dir='ltr'><strong>Ottobo-</strong></span> 
     </span>
     <span class='ocr_line' id='line_1_8' title="bbox 410 889 2194 942; baseline 0.001 -10"><span class='ocrx_word' id='word_1_74' title='bbox 410 891 589 932; x_wconf 90' lang='lat' dir='ltr'><strong>nianum</strong></span> <span class='ocrx_word' id='word_1_75' title='bbox 605 891 673 931; x_wconf 93' lang='lat' dir='ltr'><strong>uel</strong></span> <span class='ocrx_word' id='word_1_76' title='bbox 689 890 855 942; x_wconf 87' lang='lat' dir='ltr'>aliquot</span> <span class='ocrx_word' id='word_1_77' title='bbox 871 890 994 931; x_wconf 89' lang='lat' dir='ltr'><strong>annis</strong></span> <span class='ocrx_word' id='word_1_78' title='bbox 1010 896 1111 931; x_wconf 89' lang='lat' dir='ltr'><strong>ante</strong></span> <span class='ocrx_word' id='word_1_79' title='bbox 1127 889 1504 931; x_wconf 90' lang='lat' dir='ltr'><strong>Vindobonensem</strong></span> <span class='ocrx_word' id='word_1_80' title='bbox 1525 889 1770 931; x_wconf 86' lang='lat' dir='ltr'><strong>confectum</strong></span> <span class='ocrx_word' id='word_1_81' title='bbox 1790 903 1893 932; x_wconf 90' lang='lat' dir='ltr'><strong>esse.</strong></span> <span class='ocrx_word' id='word_1_82' title='bbox 1944 890 2061 932; x_wconf 83' lang='lat' dir='ltr'><strong>Nam</strong></span> <span class='ocrx_word' id='word_1_83' title='bbox 2081 903 2116 933; x_wconf 91' lang='lat' dir='ltr'><strong>c.</strong></span> <span class='ocrx_word' id='word_1_84' title='bbox 2139 890 2194 933; x_wconf 74' lang='lat'><strong>24</strong></span> 
     </span>
     <span class='ocr_line' id='line_1_9' title="bbox 408 952 2192 1010; baseline 0.001 -12"><span class='ocrx_word' id='word_1_85' title='bbox 408 957 467 1010; x_wconf 92' lang='lat' dir='ltr'><strong>(p.</strong></span> <span class='ocrx_word' id='word_1_86' title='bbox 492 958 583 1008; x_wconf 91' lang='lat'>119,</span> <span class='ocrx_word' id='word_1_87' title='bbox 603 954 643 1007; x_wconf 89' lang='grc'><strong>3)</strong></span> <span class='ocrx_word' id='word_1_88' title='bbox 665 953 703 997; x_wconf 89' lang='grc' dir='ltr'>Ο</span> <span class='ocrx_word' id='word_1_89' title='bbox 723 952 856 998; x_wconf 87' lang='lat' dir='ltr'><strong>uerba</strong></span> <span class='ocrx_word' id='word_1_90' title='bbox 873 969 1007 997; x_wconf 80' lang='lat' dir='ltr'><strong>unum</strong></span> <span class='ocrx_word' id='word_1_91' title='bbox 1025 957 1093 997; x_wconf 84' lang='lat' dir='ltr'><strong>uel</strong></span> <span class='ocrx_word' id='word_1_92' title='bbox 1111 957 1283 997; x_wconf 82' lang='lat' dir='ltr'><strong>alterum</strong></span> <span class='ocrx_word' id='word_1_93' title='bbox 1300 957 1367 997; x_wconf 85' lang='lat' dir='ltr'><strong>uel</strong></span> <span class='ocrx_word' id='word_1_94' title='bbox 1385 969 1478 997; x_wconf 82' lang='lat' dir='ltr'><strong>cum</strong></span> <span class='ocrx_word' id='word_1_95' title='bbox 1496 956 1698 997; x_wconf 87' lang='lat' dir='ltr'><strong>exhibens</strong></span> <span class='ocrx_word' id='word_1_96' title='bbox 1717 956 1882 1009; x_wconf 87' lang='lat' dir='ltr'>integer</span> <span class='ocrx_word' id='word_1_97' title='bbox 1897 956 1928 981; x_wconf 81' lang='lat'><strong>²²</strong></span> <span class='ocrx_word' id='word_1_98' title='bbox 1946 962 2025 1008; x_wconf 91' lang='lat' dir='ltr'><strong>est,</strong></span> <span class='ocrx_word' id='word_1_99' title='bbox 2046 953 2099 998; x_wconf 84' lang='lat' dir='ltr'>W</span> <span class='ocrx_word' id='word_1_100' title='bbox 2115 962 2192 1000; x_wconf 49' lang='lat' dir='ltr'><strong>au*-</strong></span> 
     </span>
     <span class='ocr_line' id='line_1_10' title="bbox 411 1022 2196 1078; baseline 0.001 -13"><span class='ocrx_word' id='word_1_101' title='bbox 411 1031 500 1065; x_wconf 89' lang='lat' dir='ltr'><strong>tem</strong></span> <span class='ocrx_word' id='word_1_102' title='bbox 522 1023 665 1076; x_wconf 91' lang='lat' dir='ltr'><strong>spatio</strong></span> <span class='ocrx_word' id='word_1_103' title='bbox 687 1023 838 1063; x_wconf 87' lang='lat' dir='ltr'><strong>dimidi</strong></span> <span class='ocrx_word' id='word_1_104' title='bbox 859 1023 946 1063; x_wconf 83' lang='lat' dir='ltr'><strong>fere</strong></span> <span class='ocrx_word' id='word_1_105' title='bbox 968 1035 1115 1063; x_wconf 90' lang='lat' dir='ltr'><strong>uersus</strong></span> <span class='ocrx_word' id='word_1_106' title='bbox 1137 1035 1276 1063; x_wconf 88' lang='lat' dir='ltr'><strong>uacuo</strong></span> <span class='ocrx_word' id='word_1_107' title='bbox 1298 1022 1378 1063; x_wconf 89' lang='lat' dir='ltr'><strong>rite</strong></span> <span class='ocrx_word' id='word_1_108' title='bbox 1399 1022 1549 1063; x_wconf 90' lang='lat' dir='ltr'><strong>relicto</strong></span> <span class='ocrx_word' id='word_1_109' title='bbox 1569 1022 1675 1063; x_wconf 91' lang='lat' dir='ltr'><strong>haec</strong></span> <span class='ocrx_word' id='word_1_110' title='bbox 1696 1022 1829 1064; x_wconf 86' lang='lat' dir='ltr'><strong>uerba</strong></span> <span class='ocrx_word' id='word_1_111' title='bbox 1858 1022 2038 1075; x_wconf 87' lang='lat' dir='ltr'><strong>omittit,</strong></span> <span class='ocrx_word' id='word_1_112' title='bbox 2069 1023 2196 1078; x_wconf 72' lang='lat' dir='ltr'><strong>quasi</strong></span> 
     </span>
     <span class='ocr_line' id='line_1_11' title="bbox 411 1085 2194 1143; baseline 0.001 -12"><span class='ocrx_word' id='word_1_113' title='bbox 411 1090 630 1142; x_wconf 85' lang='lat' dir='ltr'><strong>exemplar</strong></span> <span class='ocrx_word' id='word_1_114' title='bbox 649 1096 749 1142; x_wconf 91' lang='lat' dir='ltr'><strong>post</strong></span> <span class='ocrx_word' id='word_1_115' title='bbox 770 1089 962 1130; x_wconf 89' lang='lat' dir='ltr'><strong>codicem</strong></span> <span class='ocrx_word' id='word_1_116' title='bbox 984 1085 1022 1129; x_wconf 92' lang='grc' dir='ltr'><strong>Ο</strong></span> <span class='ocrx_word' id='word_1_117' title='bbox 1045 1089 1355 1141; x_wconf 88' lang='lat' dir='ltr'><strong>transcriptum</strong></span> <span class='ocrx_word' id='word_1_118' title='bbox 1375 1088 1456 1130; x_wconf 95' lang='lat' dir='ltr'><strong>hoc</strong></span> <span class='ocrx_word' id='word_1_119' title='bbox 1475 1088 1570 1130; x_wconf 93' lang='grc'>1000</span> <span class='ocrx_word' id='word_1_120' title='bbox 1590 1088 1754 1141; x_wconf 89' lang='lat' dir='ltr'><strong>aliquid</strong></span> <span class='ocrx_word' id='word_1_121' title='bbox 1776 1088 1924 1130; x_wconf 88' lang='lat' dir='ltr'><strong>damni</strong></span> <span class='ocrx_word' id='word_1_122' title='bbox 1943 1099 2194 1143; x_wconf 84' lang='lat' dir='ltr'><strong>perpessum</strong></span> 
     </span>
     <span class='ocr_line' id='line_1_12' title="bbox 410 1151 2193 1208; baseline 0.001 -12"><span class='ocrx_word' id='word_1_123' title='bbox 410 1156 481 1198; x_wconf 89' lang='lat' dir='ltr'><strong>sit.</strong></span> <span class='ocrx_word' id='word_1_124' title='bbox 534 1155 638 1207; x_wconf 86' lang='lat' dir='ltr'><strong>Quis</strong></span> <span class='ocrx_word' id='word_1_125' title='bbox 659 1155 704 1196; x_wconf 91' lang='lat' dir='ltr'><strong>in</strong></span> <span class='ocrx_word' id='word_1_126' title='bbox 725 1155 875 1197; x_wconf 87' lang='lat' dir='ltr'><strong>ceteris</strong></span> <span class='ocrx_word' id='word_1_127' title='bbox 897 1155 1112 1196; x_wconf 87' lang='lat' dir='ltr'><strong>existimet</strong></span> <span class='ocrx_word' id='word_1_128' title='bbox 1132 1155 1356 1196; x_wconf 88' lang='lat' dir='ltr'><strong>librarium</strong></span> <span class='ocrx_word' id='word_1_129' title='bbox 1377 1151 1415 1196; x_wconf 92' lang='grc' dir='ltr'><strong>Ο</strong></span> <span class='ocrx_word' id='word_1_130' title='bbox 1438 1154 1708 1196; x_wconf 88' lang='lat' dir='ltr'><strong>emendando</strong></span> <span class='ocrx_word' id='word_1_131' title='bbox 1730 1161 1956 1208; x_wconf 87' lang='lat' dir='ltr'><strong>tantopere</strong></span> <span class='ocrx_word' id='word_1_132' title='bbox 1976 1155 2193 1198; x_wconf 83' lang='lat' dir='ltr'><strong>studuisse</strong></span> 
     </span>
     <span class='ocr_line' id='line_1_13' title="bbox 414 1221 2192 1274; baseline 0.001 -11"><span class='ocrx_word' id='word_1_133' title='bbox 414 1229 463 1264; x_wconf 91' lang='lat' dir='ltr'><strong>ut</strong></span> <span class='ocrx_word' id='word_1_134' title='bbox 486 1221 695 1264; x_wconf 84' lang='lat' dir='ltr'><strong>editiones</strong></span> <span class='ocrx_word' id='word_1_135' title='bbox 717 1222 945 1274; x_wconf 87' lang='lat' dir='ltr'><strong>impressas</strong></span> <span class='ocrx_word' id='word_1_136' title='bbox 970 1221 1271 1274; x_wconf 89' lang='lat' dir='ltr'><strong>Ciceronisque</strong></span> <span class='ocrx_word' id='word_1_137' title='bbox 1293 1221 1498 1274; x_wconf 86' lang='lat' dir='ltr'><strong>epistulas</strong></span> <span class='ocrx_word' id='word_1_138' title='bbox 1520 1221 1758 1272; x_wconf 87' lang='lat' dir='ltr'><strong>adhiberet,</strong></span> <span class='ocrx_word' id='word_1_139' title='bbox 1782 1228 1832 1263; x_wconf 92' lang='lat' dir='ltr'><strong>ut</strong></span> <span class='ocrx_word' id='word_1_140' title='bbox 1854 1221 1992 1264; x_wconf 90' lang='lat' dir='ltr'><strong>uoluit</strong></span> <span class='ocrx_word' id='word_1_141' title='bbox 2013 1221 2192 1265; x_wconf 77' lang='lat' dir='ltr'><strong>Reiffer-</strong></span> 
     </span>
     <span class='ocr_line' id='line_1_14' title="bbox 410 1284 2194 1342; baseline 0.001 -12"><span class='ocrx_word' id='word_1_142' title='bbox 410 1288 638 1338; x_wconf 87' lang='lat' dir='ltr'><strong>scheidius,</strong></span> <span class='ocrx_word' id='word_1_143' title='bbox 659 1301 798 1340; x_wconf 91' lang='lat' dir='ltr'><strong>neque</strong></span> <span class='ocrx_word' id='word_1_144' title='bbox 819 1294 966 1329; x_wconf 87' lang='lat' dir='ltr'><strong>tamen</strong></span> <span class='ocrx_word' id='word_1_145' title='bbox 986 1287 1093 1328; x_wconf 89' lang='lat' dir='ltr'><strong>tales</strong></span> <span class='ocrx_word' id='word_1_146' title='bbox 1113 1288 1298 1340; x_wconf 89' lang='lat' dir='ltr'><strong>ineptias</strong></span> <span class='ocrx_word' id='word_1_147' title='bbox 1319 1288 1465 1340; x_wconf 90' lang='lat' dir='ltr'><strong>quales</strong></span> <span class='ocrx_word' id='word_1_148' title='bbox 1486 1294 1587 1329; x_wconf 91' lang='lat' dir='ltr'><strong>sunt</strong></span> <span class='ocrx_word' id='word_1_149' title='bbox 1608 1300 1642 1328; x_wconf 89' lang='lat' dir='ltr'><strong>c.</strong></span> <span class='ocrx_word' id='word_1_150' title='bbox 1660 1288 1706 1329; x_wconf 91' lang='lat'><strong>11</strong></span> <span class='ocrx_word' id='word_1_151' title='bbox 1727 1286 1786 1340; x_wconf 91' lang='lat' dir='ltr'><strong>(p.</strong></span> <span class='ocrx_word' id='word_1_152' title='bbox 1812 1288 1903 1339; x_wconf 91' lang='lat'><strong>109,</strong></span> <span class='ocrx_word' id='word_1_153' title='bbox 1927 1284 1995 1340; x_wconf 79' lang='lat'><strong>15)</strong></span> <span class='ocrx_word' id='word_1_154' title='bbox 2012 1288 2130 1342; x_wconf 75' lang='lat' dir='ltr'><strong>lydia</strong></span> <span class='ocrx_word' id='word_1_155' title='bbox 2149 1289 2194 1331; x_wconf 72' lang='grc' dir='ltr'><strong>ὃ·</strong></span> 
     </span>
     <span class='ocr_line' id='line_1_15' title="bbox 411 1352 2195 1407; baseline 0.001 -11"><span class='ocrx_word' id='word_1_156' title='bbox 411 1355 537 1406; x_wconf 84' lang='lat' dir='ltr'><strong>icida,</strong></span> <span class='ocrx_word' id='word_1_157' title='bbox 557 1367 592 1396; x_wconf 91' lang='lat' dir='ltr'><strong>c.</strong></span> <span class='ocrx_word' id='word_1_158' title='bbox 612 1355 662 1395; x_wconf 91' lang='lat'><strong>14</strong></span> <span class='ocrx_word' id='word_1_159' title='bbox 678 1353 736 1407; x_wconf 92' lang='lat' dir='ltr'><strong>(p.</strong></span> <span class='ocrx_word' id='word_1_160' title='bbox 760 1355 852 1405; x_wconf 89' lang='lat'><strong>112,</strong></span> <span class='ocrx_word' id='word_1_161' title='bbox 870 1352 911 1404; x_wconf 87' lang='lat'><strong>3)</strong></span> <span class='ocrx_word' id='word_1_162' title='bbox 930 1354 1032 1395; x_wconf 84' lang='lat' dir='ltr'><strong>libro</strong></span> <span class='ocrx_word' id='word_1_163' title='bbox 1050 1355 1120 1395; x_wconf 81' lang='lat' dir='ltr'><strong>sed</strong></span> <span class='ocrx_word' id='word_1_164' title='bbox 1138 1355 1238 1405; x_wconf 83' lang='lat' dir='ltr'><strong>iam,</strong></span> <span class='ocrx_word' id='word_1_165' title='bbox 1258 1360 1308 1395; x_wconf 92' lang='lat' dir='ltr'><strong>ut</strong></span> <span class='ocrx_word' id='word_1_166' title='bbox 1326 1354 1465 1395; x_wconf 89' lang='lat' dir='ltr'><strong>multa</strong></span> <span class='ocrx_word' id='word_1_167' title='bbox 1482 1354 1566 1395; x_wconf 91' lang='lat' dir='ltr'><strong>alia</strong></span> <span class='ocrx_word' id='word_1_168' title='bbox 1584 1360 1767 1405; x_wconf 89' lang='lat' dir='ltr'><strong>taceam,</strong></span> <span class='ocrx_word' id='word_1_169' title='bbox 1780 1367 2021 1407; x_wconf 82' lang='lat' dir='ltr'><strong>numquam</strong></span> <span class='ocrx_word' id='word_1_170' title='bbox 2033 1367 2195 1397; x_wconf 86' lang='lat' dir='ltr'><strong>correc-</strong></span> 
     </span>
     <span class='ocr_line' id='line_1_16' title="bbox 412 1420 2193 1463; baseline 0.001 -1"><span class='ocrx_word' id='word_1_171' title='bbox 412 1428 560 1462; x_wconf 90' lang='lat' dir='ltr'><strong>turum</strong></span> <span class='ocrx_word' id='word_1_172' title='bbox 584 1421 738 1462; x_wconf 84' lang='lat' dir='ltr'><strong>fuisse?</strong></span> <span class='ocrx_word' id='word_1_173' title='bbox 792 1420 948 1462; x_wconf 89' lang='lat' dir='ltr'><strong>Multis</strong></span> <span class='ocrx_word' id='word_1_174' title='bbox 973 1420 1067 1461; x_wconf 87' lang='lat' dir='ltr'><strong>aliis</strong></span> <span class='ocrx_word' id='word_1_175' title='bbox 1091 1420 1135 1461; x_wconf 92' lang='lat' dir='ltr'><strong>in</strong></span> <span class='ocrx_word' id='word_1_176' title='bbox 1159 1420 1263 1462; x_wconf 93' lang='grc'>10015</span> <span class='ocrx_word' id='word_1_177' title='bbox 1289 1420 1662 1462; x_wconf 84' lang='lat' dir='ltr'><strong>Reifferscheidius</strong></span> <span class='ocrx_word' id='word_1_178' title='bbox 1687 1420 1845 1462; x_wconf 89' lang='lat' dir='ltr'><strong>uitiosa</strong></span> <span class='ocrx_word' id='word_1_179' title='bbox 1869 1420 2043 1463; x_wconf 91' lang='lat' dir='ltr'><strong>Lerschi</strong></span> <span class='ocrx_word' id='word_1_180' title='bbox 2065 1421 2193 1463; x_wconf 80' lang='lat' dir='ltr'><strong>colla·</strong></span> 
     </span>
     <span class='ocr_line' id='line_1_17' title="bbox 415 1486 2192 1540; baseline 0.001 -12"><span class='ocrx_word' id='word_1_181' title='bbox 415 1487 530 1528; x_wconf 89' lang='lat' dir='ltr'><strong>tione</strong></span> <span class='ocrx_word' id='word_1_182' title='bbox 551 1487 686 1529; x_wconf 84' lang='lat' dir='ltr'><strong>fretus</strong></span> <span class='ocrx_word' id='word_1_183' title='bbox 708 1486 994 1528; x_wconf 89' lang='lat' dir='ltr'><strong>Ottoboniani</strong></span> <span class='ocrx_word' id='word_1_184' title='bbox 1014 1487 1218 1528; x_wconf 90' lang='lat' dir='ltr'><strong>lectiones</strong></span> <span class='ocrx_word' id='word_1_185' title='bbox 1238 1497 1464 1539; x_wconf 89' lang='lat' dir='ltr'><strong>perperam</strong></span> <span class='ocrx_word' id='word_1_186' title='bbox 1483 1486 1665 1539; x_wconf 81' lang='lat' dir='ltr'><strong>profert;</strong></span> <span class='ocrx_word' id='word_1_187' title='bbox 1686 1487 1761 1528; x_wconf 88' lang='lat' dir='ltr'><strong>sed</strong></span> <span class='ocrx_word' id='word_1_188' title='bbox 1783 1487 1835 1528; x_wconf 93' lang='lat' dir='ltr'><strong>de</strong></span> <span class='ocrx_word' id='word_1_189' title='bbox 1857 1499 1944 1528; x_wconf 89' lang='lat' dir='ltr'><strong>uno</strong></span> <span class='ocrx_word' id='word_1_190' title='bbox 1962 1487 2192 1540; x_wconf 82' lang='lat' dir='ltr'><strong>praecipue</strong></span> 
     </span>
     <span class='ocr_line' id='line_1_18' title="bbox 411 1553 2192 1606; baseline 0.001 -11"><span class='ocrx_word' id='word_1_191' title='bbox 411 1554 506 1595; x_wconf 92' lang='lat' dir='ltr'><strong>loco</strong></span> <span class='ocrx_word' id='word_1_192' title='bbox 526 1566 698 1594; x_wconf 91' lang='lat' dir='ltr'><strong>monere</strong></span> <span class='ocrx_word' id='word_1_193' title='bbox 718 1553 862 1603; x_wconf 87' lang='lat' dir='ltr'><strong>uelim,</strong></span> <span class='ocrx_word' id='word_1_194' title='bbox 883 1566 937 1594; x_wconf 90' lang='lat' dir='ltr'><strong>ne</strong></span> <span class='ocrx_word' id='word_1_195' title='bbox 957 1567 1007 1594; x_wconf 89' lang='lat' dir='ltr'><strong>ex</strong></span> <span class='ocrx_word' id='word_1_196' title='bbox 1027 1559 1242 1605; x_wconf 90' lang='lat' dir='ltr'><strong>apparatu</strong></span> <span class='ocrx_word' id='word_1_197' title='bbox 1264 1553 1670 1594; x_wconf 83' lang='lat' dir='ltr'><strong>Reifferscheidiano</strong></span> <span class='ocrx_word' id='word_1_198' title='bbox 1690 1553 1799 1594; x_wconf 83' lang='lat' dir='ltr'><strong>falsa</strong></span> <span class='ocrx_word' id='word_1_199' title='bbox 1818 1553 1964 1606; x_wconf 92' lang='lat' dir='ltr'><strong>opinio</strong></span> <span class='ocrx_word' id='word_1_200' title='bbox 1983 1553 2037 1596; x_wconf 91' lang='lat' dir='ltr'><strong>de</strong></span> <span class='ocrx_word' id='word_1_201' title='bbox 2057 1554 2192 1596; x_wconf 80' lang='lat' dir='ltr'><strong>totius</strong></span> 
     </span>
     <span class='ocr_line' id='line_1_19' title="bbox 413 1617 2192 1672; baseline 0.001 -12"><span class='ocrx_word' id='word_1_202' title='bbox 413 1620 539 1661; x_wconf 90' lang='lat' dir='ltr'><strong>huius</strong></span> <span class='ocrx_word' id='word_1_203' title='bbox 562 1619 719 1661; x_wconf 90' lang='lat' dir='ltr'><strong>codicis</strong></span> <span class='ocrx_word' id='word_1_204' title='bbox 743 1619 885 1660; x_wconf 89' lang='lat' dir='ltr'><strong>indole</strong></span> <span class='ocrx_word' id='word_1_205' title='bbox 908 1626 1125 1660; x_wconf 85' lang='lat' dir='ltr'><strong>nascatur.</strong></span> <span class='ocrx_word' id='word_1_206' title='bbox 1180 1619 1228 1660; x_wconf 92' lang='lat' dir='ltr'><strong>C.</strong></span> <span class='ocrx_word' id='word_1_207' title='bbox 1255 1619 1308 1660; x_wconf 91' lang='lat'><strong>24</strong></span> <span class='ocrx_word' id='word_1_208' title='bbox 1329 1618 1388 1671; x_wconf 89' lang='lat' dir='ltr'><strong>(p.</strong></span> <span class='ocrx_word' id='word_1_209' title='bbox 1416 1620 1508 1670; x_wconf 90' lang='lat'><strong>119,</strong></span> <span class='ocrx_word' id='word_1_210' title='bbox 1531 1617 1573 1670; x_wconf 89' lang='lat'><strong>4)</strong></span> <span class='ocrx_word' id='word_1_211' title='bbox 1598 1619 1655 1660; x_wconf 90' lang='lat' dir='ltr'><strong>ad</strong></span> <span class='ocrx_word' id='word_1_212' title='bbox 1677 1620 2015 1672; x_wconf 78' lang='lat' dir='ltr'><strong>postmeridianis</strong></span> <span class='ocrx_word' id='word_1_213' title='bbox 2037 1619 2108 1662; x_wconf 89' lang='lat' dir='ltr'><strong>ille</strong></span> <span class='ocrx_word' id='word_1_214' title='bbox 2130 1619 2192 1662; x_wconf 85' lang='lat' dir='ltr'><strong>sic</strong></span> 
     </span>
     <span class='ocr_line' id='line_1_20' title="bbox 412 1679 2192 1739; baseline 0.001 -12"><span class='ocrx_word' id='word_1_215' title='bbox 412 1692 618 1728; x_wconf 88' lang='lat' dir='ltr'><strong>testatur:</strong></span> <span class='ocrx_word' id='word_1_216' title='bbox 649 1679 924 1727; x_wconf 86' lang='lat' dir='ltr'><strong>“meridianis</strong></span> <span class='ocrx_word' id='word_1_217' title='bbox 946 1682 983 1726; x_wconf 94' lang='grc' dir='ltr'><strong>Ο</strong></span> <span class='ocrx_word' id='word_1_218' title='bbox 1003 1684 1067 1736; x_wconf 81' lang='lat' dir='ltr'><strong>(in</strong></span> <span class='ocrx_word' id='word_1_219' title='bbox 1087 1699 1165 1738; x_wconf 86' lang='lat' dir='ltr'><strong>mg.</strong></span> <span class='ocrx_word' id='word_1_220' title='bbox 1183 1692 1282 1738; x_wconf 92' lang='lat' dir='ltr'><strong>post</strong></span> <span class='ocrx_word' id='word_1_221' title='bbox 1302 1699 1355 1726; x_wconf 90' lang='lat' dir='ltr'><strong>m.</strong></span> <span class='ocrx_word' id='word_1_222' title='bbox 1372 1698 1449 1727; x_wconf 80' lang='lat' dir='ltr'><strong>rec.</strong></span> <span class='ocrx_word' id='word_1_223' title='bbox 1467 1683 1622 1736; x_wconf 87' lang='lat' dir='ltr'><strong>add.).&#39;&#39;</strong></span> <span class='ocrx_word' id='word_1_224' title='bbox 1673 1685 1820 1728; x_wconf 87' lang='lat' dir='ltr'><strong>Habet</strong></span> <span class='ocrx_word' id='word_1_225' title='bbox 1840 1685 2015 1739; x_wconf 90' lang='lat' dir='ltr'><strong>quidem</strong></span> <span class='ocrx_word' id='word_1_226' title='bbox 2034 1685 2104 1729; x_wconf 87' lang='lat' dir='ltr'><strong>hic</strong></span> <span class='ocrx_word' id='word_1_227' title='bbox 2123 1699 2192 1728; x_wconf 89' lang='lat' dir='ltr'><strong>co-</strong></span> 
     </span>
     <span class='ocr_line' id='line_1_21' title="bbox 413 1751 2192 1805; baseline 0.001 -11"><span class='ocrx_word' id='word_1_228' title='bbox 413 1753 493 1794; x_wconf 90' lang='lat' dir='ltr'><strong>dex</strong></span> <span class='ocrx_word' id='word_1_229' title='bbox 513 1753 759 1794; x_wconf 80' lang='lat' dir='ltr'><strong>meridianis</strong></span> <span class='ocrx_word' id='word_1_230' title='bbox 779 1753 823 1793; x_wconf 90' lang='lat' dir='ltr'><strong>in</strong></span> <span class='ocrx_word' id='word_1_231' title='bbox 844 1758 1050 1794; x_wconf 85' lang='lat' dir='ltr'><strong>contextu</strong></span> <span class='ocrx_word' id='word_1_232' title='bbox 1071 1758 1114 1793; x_wconf 91' lang='lat' dir='ltr'><strong>et</strong></span> <span class='ocrx_word' id='word_1_233' title='bbox 1134 1757 1225 1804; x_wconf 82' lang='lat' dir='ltr'><strong>post</strong></span> <span class='ocrx_word' id='word_1_234' title='bbox 1245 1751 1289 1792; x_wconf 91' lang='lat' dir='ltr'><strong>in</strong></span> <span class='ocrx_word' id='word_1_235' title='bbox 1310 1753 1501 1805; x_wconf 84' lang='lat' dir='ltr'><strong>margine</strong></span> <span class='ocrx_word' id='word_1_236' title='bbox 1520 1752 1694 1804; x_wconf 91' lang='lat' dir='ltr'><strong>punctis</strong></span> <span class='ocrx_word' id='word_1_237' title='bbox 1714 1752 1826 1793; x_wconf 88' lang='lat' dir='ltr'><strong>binis</strong></span> <span class='ocrx_word' id='word_1_238' title='bbox 1845 1751 1903 1794; x_wconf 86' lang='lat' dir='ltr'><strong>ad</strong></span> <span class='ocrx_word' id='word_1_239' title='bbox 1923 1765 2110 1795; x_wconf 88' lang='lat' dir='ltr'><strong>errorem</strong></span> <span class='ocrx_word' id='word_1_240' title='bbox 2127 1753 2192 1795; x_wconf 77' lang='lat' dir='ltr'><strong>in-</strong></span> 
     </span>
     <span class='ocr_line' id='line_1_22' title="bbox 413 1818 2192 1871; baseline 0.001 -11"><span class='ocrx_word' id='word_1_241' title='bbox 413 1818 647 1860; x_wconf 89' lang='lat' dir='ltr'><strong>dicandum</strong></span> <span class='ocrx_word' id='word_1_242' title='bbox 662 1819 834 1871; x_wconf 90' lang='lat' dir='ltr'><strong>utrique</strong></span> <span class='ocrx_word' id='word_1_243' title='bbox 850 1819 943 1860; x_wconf 92' lang='lat' dir='ltr'><strong>loco</strong></span> <span class='ocrx_word' id='word_1_244' title='bbox 957 1818 1122 1869; x_wconf 87' lang='lat' dir='ltr'><strong>adfixis,</strong></span> <span class='ocrx_word' id='word_1_245' title='bbox 1136 1819 1211 1859; x_wconf 92' lang='lat' dir='ltr'><strong>sed</strong></span> <span class='ocrx_word' id='word_1_246' title='bbox 1223 1823 1313 1871; x_wconf 80' lang='lat' dir='ltr'><strong>post</strong></span> <span class='ocrx_word' id='word_1_247' title='bbox 1325 1818 1370 1859; x_wconf 92' lang='lat' dir='ltr'><strong>in</strong></span> <span class='ocrx_word' id='word_1_248' title='bbox 1385 1818 1575 1871; x_wconf 87' lang='lat' dir='ltr'><strong>margine</strong></span> <span class='ocrx_word' id='word_1_249' title='bbox 1587 1831 1675 1859; x_wconf 91' lang='lat' dir='ltr'><strong>non</strong></span> <span class='ocrx_word' id='word_1_250' title='bbox 1690 1825 1756 1860; x_wconf 90' lang='lat' dir='ltr'><strong>est</strong></span> <span class='ocrx_word' id='word_1_251' title='bbox 1770 1831 1796 1860; x_wconf 88' lang='lat' dir='ltr'><strong>a</strong></span> <span class='ocrx_word' id='word_1_252' title='bbox 1812 1831 1944 1860; x_wconf 86' lang='lat' dir='ltr'><strong>manu</strong></span> <span class='ocrx_word' id='word_1_253' title='bbox 1959 1818 2192 1861; x_wconf 86' lang='lat' dir='ltr'><strong>recentiore</strong></span> 
     </span>
     <span class='ocr_line' id='line_1_23' title="bbox 413 1885 2193 1939; baseline 0.001 -13"><span class='ocrx_word' id='word_1_254' title='bbox 413 1885 615 1927; x_wconf 88' lang='lat' dir='ltr'><strong>additum</strong></span> <span class='ocrx_word' id='word_1_255' title='bbox 641 1885 715 1926; x_wconf 92' lang='lat' dir='ltr'><strong>sed</strong></span> <span class='ocrx_word' id='word_1_256' title='bbox 741 1885 797 1926; x_wconf 90' lang='lat' dir='ltr'><strong>ab</strong></span> <span class='ocrx_word' id='word_1_257' title='bbox 825 1898 874 1926; x_wconf 89' lang='lat' dir='ltr'><strong>ea</strong></span> <span class='ocrx_word' id='word_1_258' title='bbox 901 1885 994 1937; x_wconf 87' lang='lat' dir='ltr'><strong>ipsa</strong></span> <span class='ocrx_word' id='word_1_259' title='bbox 1021 1897 1154 1926; x_wconf 86' lang='lat' dir='ltr'><strong>manu</strong></span> <span class='ocrx_word' id='word_1_260' title='bbox 1181 1898 1291 1937; x_wconf 89' lang='lat' dir='ltr'><strong>quae</strong></span> <span class='ocrx_word' id='word_1_261' title='bbox 1318 1891 1463 1927; x_wconf 91' lang='lat' dir='ltr'><strong>totum</strong></span> <span class='ocrx_word' id='word_1_262' title='bbox 1489 1885 1680 1926; x_wconf 91' lang='lat' dir='ltr'><strong>codicem</strong></span> <span class='ocrx_word' id='word_1_263' title='bbox 1705 1885 1913 1927; x_wconf 87' lang='lat' dir='ltr'><strong>exarauit.</strong></span> <span class='ocrx_word' id='word_1_264' title='bbox 1969 1886 2123 1939; x_wconf 86' lang='lat' dir='ltr'><strong>Neque</strong></span> <span class='ocrx_word' id='word_1_265' title='bbox 2147 1885 2193 1928; x_wconf 86' lang='lat' dir='ltr'><strong>in</strong></span> 
     </span>
     <span class='ocr_line' id='line_1_24' title="bbox 413 1950 2191 2004; baseline 0.001 -11"><span class='ocrx_word' id='word_1_266' title='bbox 413 1958 508 1993; x_wconf 90' lang='lat' dir='ltr'><strong>toto</strong></span> <span class='ocrx_word' id='word_1_267' title='bbox 528 1951 673 1993; x_wconf 89' lang='lat' dir='ltr'><strong>codice</strong></span> <span class='ocrx_word' id='word_1_268' title='bbox 694 1951 921 1992; x_wconf 90' lang='lat' dir='ltr'><strong>minimum</strong></span> <span class='ocrx_word' id='word_1_269' title='bbox 953 1950 1128 2004; x_wconf 92' lang='lat' dir='ltr'><strong>quidem</strong></span> <span class='ocrx_word' id='word_1_270' title='bbox 1159 1951 1389 2004; x_wconf 84' lang='lat' dir='ltr'><strong>uestigium</strong></span> <span class='ocrx_word' id='word_1_271' title='bbox 1419 1964 1573 1993; x_wconf 87' lang='lat' dir='ltr'><strong>manus</strong></span> <span class='ocrx_word' id='word_1_272' title='bbox 1612 1951 1858 1993; x_wconf 84' lang='lat' dir='ltr'><strong>recentioris</strong></span> <span class='ocrx_word' id='word_1_273' title='bbox 1888 1951 2191 1994; x_wconf 82' lang='lat' dir='ltr'><strong>animaduerti.</strong></span> 
     </span>
     <span class='ocr_line' id='line_1_25' title="bbox 415 2017 2191 2070; baseline 0 -11"><span class='ocrx_word' id='word_1_274' title='bbox 415 2018 560 2060; x_wconf 91' lang='lat' dir='ltr'><strong>Codex</strong></span> <span class='ocrx_word' id='word_1_275' title='bbox 585 2017 906 2060; x_wconf 86' lang='lat' dir='ltr'><strong>ottobonianus</strong></span> <span class='ocrx_word' id='word_1_276' title='bbox 930 2017 1075 2070; x_wconf 89' lang='lat' dir='ltr'><strong>igitur,</strong></span> <span class='ocrx_word' id='word_1_277' title='bbox 1101 2024 1151 2059; x_wconf 93' lang='lat' dir='ltr'><strong>ut</strong></span> <span class='ocrx_word' id='word_1_278' title='bbox 1175 2031 1253 2070; x_wconf 91' lang='lat' dir='ltr'><strong>ego</strong></span> <span class='ocrx_word' id='word_1_279' title='bbox 1277 2031 1441 2069; x_wconf 91' lang='lat' dir='ltr'><strong>censeo,</strong></span> <span class='ocrx_word' id='word_1_280' title='bbox 1467 2025 1532 2060; x_wconf 91' lang='lat' dir='ltr'><strong>est</strong></span> <span class='ocrx_word' id='word_1_281' title='bbox 1556 2030 1664 2070; x_wconf 89' lang='lat' dir='ltr'><strong>opus</strong></span> <span class='ocrx_word' id='word_1_282' title='bbox 1688 2024 1791 2059; x_wconf 89' lang='lat' dir='ltr'><strong>ante</strong></span> <span class='ocrx_word' id='word_1_283' title='bbox 1814 2030 1979 2059; x_wconf 86' lang='lat' dir='ltr'><strong>annum</strong></span> <span class='ocrx_word' id='word_1_284' title='bbox 2005 2018 2110 2060; x_wconf 87' lang='lat'><strong>1466</strong></span> <span class='ocrx_word' id='word_1_285' title='bbox 2133 2018 2191 2061; x_wconf 79' lang='lat' dir='ltr'><strong>ab</strong></span> 
     </span>
     <span class='ocr_line' id='line_1_26' title="bbox 412 2083 2191 2139; baseline 0.001 -14"><span class='ocrx_word' id='word_1_286' title='bbox 412 2085 526 2126; x_wconf 91' lang='lat' dir='ltr'><strong>Italo</strong></span> <span class='ocrx_word' id='word_1_287' title='bbox 545 2084 691 2137; x_wconf 91' lang='lat' dir='ltr'><strong>aliquo</strong></span> <span class='ocrx_word' id='word_1_288' title='bbox 711 2084 840 2125; x_wconf 90' lang='lat' dir='ltr'><strong>docto</strong></span> <span class='ocrx_word' id='word_1_289' title='bbox 859 2084 966 2125; x_wconf 89' lang='lat' dir='ltr'><strong>satis</strong></span> <span class='ocrx_word' id='word_1_290' title='bbox 984 2091 1185 2125; x_wconf 86' lang='lat' dir='ltr'><strong>accurate</strong></span> <span class='ocrx_word' id='word_1_291' title='bbox 1203 2091 1336 2137; x_wconf 89' lang='lat' dir='ltr'><strong>atque</strong></span> <span class='ocrx_word' id='word_1_292' title='bbox 1356 2084 1571 2139; x_wconf 87' lang='lat' dir='ltr'><strong>eleganter</strong></span> <span class='ocrx_word' id='word_1_293' title='bbox 1590 2084 1850 2135; x_wconf 80' lang='lat' dir='ltr'><strong>coniectum,</strong></span> <span class='ocrx_word' id='word_1_294' title='bbox 1870 2083 1940 2126; x_wconf 92' lang='lat' dir='ltr'><strong>cui</strong></span> <span class='ocrx_word' id='word_1_295' title='bbox 1959 2083 2052 2126; x_wconf 88' lang='lat' dir='ltr'><strong>uiro</strong></span> <span class='ocrx_word' id='word_1_296' title='bbox 2069 2097 2191 2138; x_wconf 80' lang='lat' dir='ltr'><strong>prae-</strong></span> 
     </span>
     <span class='ocr_line' id='line_1_27' title="bbox 412 2147 2190 2204; baseline 0 -12"><span class='ocrx_word' id='word_1_297' title='bbox 412 2158 477 2192; x_wconf 90' lang='lat' dir='ltr'><strong>ter</strong></span> <span class='ocrx_word' id='word_1_298' title='bbox 503 2151 678 2192; x_wconf 91' lang='lat' dir='ltr'><strong>unicum</strong></span> <span class='ocrx_word' id='word_1_299' title='bbox 703 2150 918 2203; x_wconf 87' lang='lat' dir='ltr'><strong>exemplar</strong></span> <span class='ocrx_word' id='word_1_300' title='bbox 945 2147 980 2190; x_wconf 91' lang='lat' dir='ltr'><strong>X</strong></span> <span class='ocrx_word' id='word_1_301' title='bbox 1005 2157 1049 2192; x_wconf 89' lang='lat' dir='ltr'><strong>et</strong></span> <span class='ocrx_word' id='word_1_302' title='bbox 1073 2150 1206 2202; x_wconf 89' lang='lat' dir='ltr'><strong>ipsius</strong></span> <span class='ocrx_word' id='word_1_303' title='bbox 1230 2150 1449 2204; x_wconf 89' lang='lat' dir='ltr'><strong>ingenium</strong></span> <span class='ocrx_word' id='word_1_304' title='bbox 1472 2151 1557 2192; x_wconf 89' lang='lat' dir='ltr'><strong>alia</strong></span> <span class='ocrx_word' id='word_1_305' title='bbox 1581 2150 1772 2192; x_wconf 90' lang='lat' dir='ltr'><strong>subsidia</strong></span> <span class='ocrx_word' id='word_1_306' title='bbox 1796 2150 1976 2192; x_wconf 89' lang='lat' dir='ltr'><strong>omnino</strong></span> <span class='ocrx_word' id='word_1_307' title='bbox 1996 2150 2190 2193; x_wconf 82' lang='lat' dir='ltr'><strong>deerant.</strong></span> 
     </span>
     <span class='ocr_line' id='line_1_28' title="bbox 412 2216 2192 2270; baseline 0.001 -12"><span class='ocrx_word' id='word_1_308' title='bbox 412 2217 495 2258; x_wconf 94' lang='lat' dir='ltr'><strong>Hic</strong></span> <span class='ocrx_word' id='word_1_309' title='bbox 516 2217 617 2258; x_wconf 91' lang='lat' dir='ltr'><strong>licet</strong></span> <span class='ocrx_word' id='word_1_310' title='bbox 639 2217 772 2270; x_wconf 91' lang='lat' dir='ltr'><strong>pluris</strong></span> <span class='ocrx_word' id='word_1_311' title='bbox 794 2217 973 2258; x_wconf 89' lang='lat' dir='ltr'><strong>haberet</strong></span> <span class='ocrx_word' id='word_1_312' title='bbox 995 2216 1154 2257; x_wconf 92' lang='lat' dir='ltr'><strong>librum</strong></span> <span class='ocrx_word' id='word_1_313' title='bbox 1176 2217 1515 2259; x_wconf 90' lang='lat' dir='ltr'><strong>emendatiorem</strong></span> <span class='ocrx_word' id='word_1_314' title='bbox 1536 2216 1838 2269; x_wconf 88' lang='lat' dir='ltr'><strong>copiosissimis</strong></span> <span class='ocrx_word' id='word_1_315' title='bbox 1859 2216 2058 2259; x_wconf 83' lang='lat' dir='ltr'><strong>indiculis</strong></span> <span class='ocrx_word' id='word_1_316' title='bbox 2081 2229 2192 2259; x_wconf 51' lang='lat' dir='ltr'><strong>mare</strong></span> 
     </span>
     <span class='ocr_line' id='line_1_29' title="bbox 410 2282 2193 2336; baseline 0 -12"><span class='ocrx_word' id='word_1_317' title='bbox 410 2283 624 2336; x_wconf 90' lang='lat' dir='ltr'><strong>ginalibus</strong></span> <span class='ocrx_word' id='word_1_318' title='bbox 659 2282 920 2324; x_wconf 90' lang='lat' dir='ltr'><strong>instructum</strong></span> <span class='ocrx_word' id='word_1_319' title='bbox 956 2282 1132 2335; x_wconf 88' lang='lat' dir='ltr'><strong>singulis</strong></span> <span class='ocrx_word' id='word_1_320' title='bbox 1168 2283 1383 2336; x_wconf 90' lang='lat' dir='ltr'><strong>capitibus</strong></span> <span class='ocrx_word' id='word_1_321' title='bbox 1419 2283 1551 2325; x_wconf 88' lang='lat' dir='ltr'><strong>etiam</strong></span> <span class='ocrx_word' id='word_1_322' title='bbox 1587 2283 1775 2324; x_wconf 90' lang='lat' dir='ltr'><strong>numeris</strong></span> <span class='ocrx_word' id='word_1_323' title='bbox 1810 2282 2020 2336; x_wconf 88' lang='lat' dir='ltr'><strong>adpositis</strong></span> <span class='ocrx_word' id='word_1_324' title='bbox 2054 2282 2193 2327; x_wconf 77' lang='lat' dir='ltr'><strong>insta-r</strong></span> 
     </span>
     <span class='ocr_line' id='line_1_30' title="bbox 410 2348 2191 2403; baseline 0.001 -13"><span class='ocrx_word' id='word_1_325' title='bbox 410 2349 624 2400; x_wconf 87' lang='lat' dir='ltr'><strong>editionis,</strong></span> <span class='ocrx_word' id='word_1_326' title='bbox 647 2356 696 2390; x_wconf 93' lang='lat' dir='ltr'><strong>ut</strong></span> <span class='ocrx_word' id='word_1_327' title='bbox 716 2349 780 2390; x_wconf 90' lang='lat' dir='ltr'><strong>ita</strong></span> <span class='ocrx_word' id='word_1_328' title='bbox 801 2349 956 2399; x_wconf 87' lang='lat' dir='ltr'><strong>dicam,</strong></span> <span class='ocrx_word' id='word_1_329' title='bbox 974 2349 1150 2400; x_wconf 89' lang='lat' dir='ltr'><strong>efficere,</strong></span> <span class='ocrx_word' id='word_1_330' title='bbox 1173 2363 1305 2402; x_wconf 91' lang='lat' dir='ltr'><strong>quam</strong></span> <span class='ocrx_word' id='word_1_331' title='bbox 1327 2363 1474 2391; x_wconf 89' lang='lat' dir='ltr'><strong>ueram</strong></span> <span class='ocrx_word' id='word_1_332' title='bbox 1503 2349 1735 2403; x_wconf 89' lang='lat' dir='ltr'><strong>imaginem</strong></span> <span class='ocrx_word' id='word_1_333' title='bbox 1764 2348 1991 2403; x_wconf 89' lang='lat' dir='ltr'><strong>archetypi</strong></span> <span class='ocrx_word' id='word_1_334' title='bbox 2022 2361 2191 2403; x_wconf 77' lang='lat' dir='ltr'><strong>reprae-</strong></span> 
     </span>
     <span class='ocr_line' id='line_1_31' title="bbox 410 2415 2192 2468; baseline -0.001 -11"><span class='ocrx_word' id='word_1_335' title='bbox 410 2423 593 2467; x_wconf 87' lang='lat' dir='ltr'><strong>sentare,</strong></span> <span class='ocrx_word' id='word_1_336' title='bbox 622 2415 756 2457; x_wconf 85' lang='lat' dir='ltr'><strong>nihilo</strong></span> <span class='ocrx_word' id='word_1_337' title='bbox 783 2415 924 2456; x_wconf 90' lang='lat' dir='ltr'><strong>minus</strong></span> <span class='ocrx_word' id='word_1_338' title='bbox 950 2429 1029 2468; x_wconf 92' lang='lat' dir='ltr'><strong>pro</strong></span> <span class='ocrx_word' id='word_1_339' title='bbox 1055 2415 1144 2456; x_wconf 90' lang='lat' dir='ltr'><strong>eius</strong></span> <span class='ocrx_word' id='word_1_340' title='bbox 1171 2416 1328 2458; x_wconf 87' lang='lat' dir='ltr'><strong>aetatis</strong></span> <span class='ocrx_word' id='word_1_341' title='bbox 1355 2415 1665 2457; x_wconf 88' lang='lat' dir='ltr'><strong>consuetudine</strong></span> <span class='ocrx_word' id='word_1_342' title='bbox 1691 2415 1907 2468; x_wconf 86' lang='lat' dir='ltr'><strong>exemplar</strong></span> <span class='ocrx_word' id='word_1_343' title='bbox 1933 2428 2060 2457; x_wconf 92' lang='lat' dir='ltr'><strong>suum</strong></span> <span class='ocrx_word' id='word_1_344' title='bbox 2085 2415 2192 2457; x_wconf 88' lang='lat' dir='ltr'><strong>satis</strong></span> 
     </span>
    </p>
   </div>
   <div class='ocr_carea' id='block_1_3' title="bbox 345 2481 1262 2536">
    <p class='ocr_par' dir='ltr' id='par_1_4' title="bbox 345 2481 1262 2536">
     <span class='ocr_line' id='line_1_32' title="bbox 345 2481 1262 2536; baseline 0 -13"><span class='ocrx_word' id='word_1_345' title='bbox 345 2500 353 2506; x_wconf 46' lang='lat'>⁸</span> <span class='ocrx_word' id='word_1_346' title='bbox 412 2482 605 2536; x_wconf 89' lang='lat' dir='ltr'><strong>religiose</strong></span> <span class='ocrx_word' id='word_1_347' title='bbox 626 2482 892 2535; x_wconf 87' lang='lat' dir='ltr'><strong>exscripsisse</strong></span> <span class='ocrx_word' id='word_1_348' title='bbox 913 2481 1018 2522; x_wconf 90' lang='lat' dir='ltr'><strong>mihi</strong></span> <span class='ocrx_word' id='word_1_349' title='bbox 1039 2482 1223 2523; x_wconf 90' lang='lat' dir='ltr'><strong>uidetur.</strong></span> <span class='ocrx_word' id='word_1_350' title='bbox 1228 2482 1262 2507; x_wconf 82' lang='lat'><strong>²⁸</strong></span> 
     </span>
    </p>
   </div>
   <div class='ocr_carea' id='block_1_4' title="bbox 409 2520 2194 2865">
    <p class='ocr_par' dir='ltr' id='par_1_5' title="bbox 409 2520 2194 2865">
     <span class='ocr_line' id='line_1_33' title="bbox 494 2520 2194 2601; baseline 0.001 -13"><span class='ocrx_word' id='word_1_351' title='bbox 494 2549 547 2588; x_wconf 93' lang='lat' dir='ltr'><strong>In</strong></span> <span class='ocrx_word' id='word_1_352' title='bbox 569 2549 744 2601; x_wconf 85' lang='lat' dir='ltr'><strong>Dialogo</strong></span> <span class='ocrx_word' id='word_1_353' title='bbox 764 2561 935 2600; x_wconf 91' lang='lat' dir='ltr'><strong>quoque</strong></span> <span class='ocrx_word' id='word_1_354' title='bbox 954 2549 1211 2589; x_wconf 86' lang='lat' dir='ltr'><strong>recensendo</strong></span> <span class='ocrx_word' id='word_1_355' title='bbox 1230 2549 1311 2590; x_wconf 90' lang='lat' dir='ltr'><strong>uiri</strong></span> <span class='ocrx_word' id='word_1_356' title='bbox 1330 2549 1448 2590; x_wconf 92' lang='lat' dir='ltr'><strong>docti</strong></span> <span class='ocrx_word' id='word_1_357' title='bbox 1466 2549 1617 2590; x_wconf 89' lang='lat' dir='ltr'><strong>eadem</strong></span> <span class='ocrx_word' id='word_1_358' title='bbox 1634 2548 1918 2601; x_wconf 85' lang='lat' dir='ltr'><strong>peruersitate</strong></span> <span class='ocrx_word' id='word_1_359' title='bbox 1935 2547 1981 2589; x_wconf 89' lang='lat' dir='ltr'><strong>in</strong></span> <span class='ocrx_word' id='word_1_360' title='bbox 1998 2520 2194 2590; x_wconf 83' lang='lat' dir='ltr'><strong>codicem</strong></span> 
     </span>
     <span class='ocr_line' id='line_1_34' title="bbox 411 2613 2193 2668; baseline 0.001 -13"><span class='ocrx_word' id='word_1_361' title='bbox 411 2614 757 2656; x_wconf 89' lang='lat' dir='ltr'><strong>Ottobonianum</strong></span> <span class='ocrx_word' id='word_1_362' title='bbox 782 2614 884 2654; x_wconf 91' lang='lat' dir='ltr'><strong>olim</strong></span> <span class='ocrx_word' id='word_1_363' title='bbox 909 2614 1174 2656; x_wconf 88' lang='lat' dir='ltr'><strong>iudicabant.</strong></span> <span class='ocrx_word' id='word_1_364' title='bbox 1226 2615 1532 2666; x_wconf 90' lang='lat' dir='ltr'><strong>Michaelisius,</strong></span> <span class='ocrx_word' id='word_1_365' title='bbox 1560 2615 1634 2668; x_wconf 92' lang='lat' dir='ltr'><strong>qui</strong></span> <span class='ocrx_word' id='word_1_366' title='bbox 1657 2614 1821 2668; x_wconf 90' lang='lat' dir='ltr'><strong>primus</strong></span> <span class='ocrx_word' id='word_1_367' title='bbox 1855 2614 1968 2656; x_wconf 90' lang='lat' dir='ltr'><strong>hunc</strong></span> <span class='ocrx_word' id='word_1_368' title='bbox 2002 2613 2193 2656; x_wconf 87' lang='lat' dir='ltr'><strong>codicem</strong></span> 
     </span>
     <span class='ocr_line' id='line_1_35' title="bbox 415 2681 2192 2735; baseline 0.001 -13"><span class='ocrx_word' id='word_1_369' title='bbox 415 2682 594 2735; x_wconf 85' lang='lat' dir='ltr'><strong>Dialogo</strong></span> <span class='ocrx_word' id='word_1_370' title='bbox 613 2681 657 2722; x_wconf 91' lang='lat' dir='ltr'><strong>in</strong></span> <span class='ocrx_word' id='word_1_371' title='bbox 676 2681 883 2723; x_wconf 86' lang='lat' dir='ltr'><strong>auxilium</strong></span> <span class='ocrx_word' id='word_1_372' title='bbox 901 2682 1090 2732; x_wconf 88' lang='lat' dir='ltr'><strong>uocauit,</strong></span> <span class='ocrx_word' id='word_1_373' title='bbox 1108 2682 1209 2724; x_wconf 90' lang='lat' dir='ltr'><strong>licet</strong></span> <span class='ocrx_word' id='word_1_374' title='bbox 1226 2681 1361 2724; x_wconf 88' lang='lat' dir='ltr'><strong>bonas</strong></span> <span class='ocrx_word' id='word_1_375' title='bbox 1379 2682 1583 2724; x_wconf 90' lang='lat' dir='ltr'><strong>lectiones</strong></span> <span class='ocrx_word' id='word_1_376' title='bbox 1601 2681 1715 2723; x_wconf 90' lang='lat' dir='ltr'><strong>ultra</strong></span> <span class='ocrx_word' id='word_1_377' title='bbox 1733 2694 1884 2723; x_wconf 89' lang='lat' dir='ltr'><strong>uerum</strong></span> <span class='ocrx_word' id='word_1_378' title='bbox 1901 2687 2012 2724; x_wconf 86' lang='lat' dir='ltr'><strong>teste</strong></span> <span class='ocrx_word' id='word_1_379' title='bbox 2029 2681 2192 2724; x_wconf 82' lang='lat' dir='ltr'><strong>Andre·</strong></span> 
     </span>
     <span class='ocr_line' id='line_1_36' title="bbox 410 2746 2190 2799; baseline 0 -11"><span class='ocrx_word' id='word_1_380' title='bbox 410 2747 545 2789; x_wconf 82' lang='lat' dir='ltr'><strong>seno²⁴</strong></span> <span class='ocrx_word' id='word_1_381' title='bbox 558 2746 597 2788; x_wconf 89' lang='lat' dir='ltr'><strong>ei</strong></span> <span class='ocrx_word' id='word_1_382' title='bbox 612 2746 875 2797; x_wconf 85' lang='lat' dir='ltr'><strong>attribuerit,</strong></span> <span class='ocrx_word' id='word_1_383' title='bbox 887 2747 1094 2799; x_wconf 90' lang='lat' dir='ltr'><strong>pristinae</strong></span> <span class='ocrx_word' id='word_1_384' title='bbox 1110 2754 1257 2789; x_wconf 84' lang='lat' dir='ltr'><strong>tamen</strong></span> <span class='ocrx_word' id='word_1_385' title='bbox 1269 2747 1580 2791; x_wconf 82' lang='lat' dir='ltr'><strong>Hersfeldensis</strong></span> <span class='ocrx_word' id='word_1_386' title='bbox 1595 2746 1693 2788; x_wconf 86' lang='lat' dir='ltr'><strong>libri</strong></span> <span class='ocrx_word' id='word_1_387' title='bbox 1707 2746 1901 2788; x_wconf 88' lang='lat' dir='ltr'><strong>lectionis</strong></span> <span class='ocrx_word' id='word_1_388' title='bbox 1917 2753 2074 2789; x_wconf 89' lang='lat' dir='ltr'><strong>testem</strong></span> <span class='ocrx_word' id='word_1_389' title='bbox 2090 2759 2190 2789; x_wconf 87' lang='lat' dir='ltr'><strong>eum</strong></span> 
     </span>
     <span class='ocr_line' id='line_1_37' title="bbox 409 2811 2191 2865; baseline 0 -12"><span class='ocrx_word' id='word_1_390' title='bbox 409 2813 602 2865; x_wconf 87' lang='lat' dir='ltr'><strong>accipere</strong></span> <span class='ocrx_word' id='word_1_391' title='bbox 632 2813 785 2863; x_wconf 90' lang='lat' dir='ltr'><strong>noluit,</strong></span> <span class='ocrx_word' id='word_1_392' title='bbox 816 2813 891 2854; x_wconf 91' lang='lat' dir='ltr'><strong>sed</strong></span> <span class='ocrx_word' id='word_1_393' title='bbox 921 2813 1010 2854; x_wconf 90' lang='lat' dir='ltr'><strong>eius</strong></span> <span class='ocrx_word' id='word_1_394' title='bbox 1040 2813 1319 2854; x_wconf 78' lang='lat' dir='ltr'><strong>bonitatem²⁵</strong></span> <span class='ocrx_word' id='word_1_395' title='bbox 1345 2814 1413 2855; x_wconf 93' lang='lat' dir='ltr'><strong>uel</strong></span> <span class='ocrx_word' id='word_1_396' title='bbox 1438 2814 1710 2854; x_wconf 89' lang='lat' dir='ltr'><strong>coniecturae</strong></span> <span class='ocrx_word' id='word_1_397' title='bbox 1735 2813 1804 2854; x_wconf 89' lang='lat' dir='ltr'><strong>uel</strong></span> <span class='ocrx_word' id='word_1_398' title='bbox 1828 2811 2191 2854; x_wconf 84' lang='lat' dir='ltr'><strong>contaminationi</strong></span> 
     </span>
    </p>
   </div>
   <div class='ocr_carea' id='block_1_5' title="bbox 406 2930 2193 3252">
    <p class='ocr_par' dir='ltr' id='par_1_6' title="bbox 406 2930 2193 3088">
     <span class='ocr_line' id='line_1_38' title="bbox 495 2930 2193 2978; baseline 0 -11"><span class='ocrx_word' id='word_1_399' title='bbox 495 2934 520 2955; x_wconf 85' lang='lat'><strong>²¹</strong></span> <span class='ocrx_word' id='word_1_400' title='bbox 530 2944 601 2967; x_wconf 83' lang='lat' dir='ltr'><strong>serv</strong></span> <span class='ocrx_word' id='word_1_401' title='bbox 615 2932 680 2975; x_wconf 83' lang='lat' dir='ltr'><strong>(ser</strong></span> <span class='ocrx_word' id='word_1_402' title='bbox 693 2944 755 2978; x_wconf 89' lang='lat' dir='ltr'><strong>per</strong></span> <span class='ocrx_word' id='word_1_403' title='bbox 770 2932 1030 2977; x_wconf 85' lang='lat' dir='ltr'><strong>compendium)</strong></span> <span class='ocrx_word' id='word_1_404' title='bbox 1048 2938 1091 2968; x_wconf 90' lang='lat' dir='ltr'><strong>ut</strong></span> <span class='ocrx_word' id='word_1_405' title='bbox 1100 2933 1243 2969; x_wconf 89' lang='lat' dir='ltr'><strong>uidetur</strong></span> <span class='ocrx_word' id='word_1_406' title='bbox 1251 2933 1376 2969; x_wconf 88' lang='lat' dir='ltr'><strong>eadem</strong></span> <span class='ocrx_word' id='word_1_407' title='bbox 1386 2944 1514 2971; x_wconf 75' lang='lat' dir='ltr'><strong>manus</strong></span> <span class='ocrx_word' id='word_1_408' title='bbox 1523 2943 1616 2977; x_wconf 83' lang='lat' dir='ltr'><strong>quae</strong></span> <span class='ocrx_word' id='word_1_409' title='bbox 1625 2932 1779 2968; x_wconf 86' lang='lat' dir='ltr'><strong>codicem</strong></span> <span class='ocrx_word' id='word_1_410' title='bbox 1789 2931 1950 2968; x_wconf 72' lang='lat' dir='ltr'><strong>mnuit</strong></span> <span class='ocrx_word' id='word_1_411' title='bbox 1957 2931 2106 2976; x_wconf 70' lang='lat' dir='ltr'><strong>margini</strong></span> <span class='ocrx_word' id='word_1_412' title='bbox 2114 2931 2152 2967; x_wconf 88' lang='lat' dir='ltr'><strong>in</strong></span> <span class='ocrx_word' id='word_1_413' title='bbox 2164 2930 2193 2966; x_wconf 82' lang='lat' dir='ltr'>B</span> 
     </span>
     <span class='ocr_line' id='line_1_39' title="bbox 406 2988 1623 3088; baseline 0.001 -11"><span class='ocrx_word' id='word_1_414' title='bbox 406 2988 719 3086; x_wconf 33' lang='grc' dir='ltr'><strong>ωδε11111ῗῖιίῐᾷιτῃιοᾱ</strong></span> <span class='ocrx_word' id='word_1_415' title='bbox 731 3047 762 3078; x_wconf 77' lang='lat' dir='ltr'><strong>et</strong></span> <span class='ocrx_word' id='word_1_416' title='bbox 773 3044 912 3078; x_wconf 70' lang='lat' dir='ltr'><strong>alterum</strong></span> <span class='ocrx_word' id='word_1_417' title='bbox 925 3043 1148 3079; x_wconf 88' lang='lat' dir='ltr'><strong>scribendum</strong></span> <span class='ocrx_word' id='word_1_418' title='bbox 1161 3048 1250 3079; x_wconf 80' lang='lat' dir='ltr'><strong>erat.</strong></span> <span class='ocrx_word' id='word_1_419' title='bbox 1296 3044 1384 3079; x_wconf 93' lang='lat' dir='ltr'><strong>Vide</strong></span> <span class='ocrx_word' id='word_1_420' title='bbox 1396 3054 1503 3088; x_wconf 75' lang='lat' dir='ltr'><strong>supra</strong></span> <span class='ocrx_word' id='word_1_421' title='bbox 1514 3055 1550 3087; x_wconf 91' lang='lat' dir='ltr'><strong>p.</strong></span> <span class='ocrx_word' id='word_1_422' title='bbox 1565 3044 1623 3078; x_wconf 89' lang='grc'><strong>52.</strong></span> 
     </span>
    </p>

    <p class='ocr_par' dir='ltr' id='par_1_7' title="bbox 495 3098 906 3142">
     <span class='ocr_line' id='line_1_40' title="bbox 495 3098 906 3142; baseline 0.002 -9"><span class='ocrx_word' id='word_1_423' title='bbox 495 3099 523 3120; x_wconf 80' lang='lat'><strong>²⁸</strong></span> <span class='ocrx_word' id='word_1_424' title='bbox 535 3098 624 3134; x_wconf 90' lang='lat' dir='ltr'><strong>Vide</strong></span> <span class='ocrx_word' id='word_1_425' title='bbox 637 3099 732 3133; x_wconf 80' lang='lat' dir='ltr'><strong>inira</strong></span> <span class='ocrx_word' id='word_1_426' title='bbox 745 3110 781 3141; x_wconf 88' lang='lat' dir='ltr'><strong>p.</strong></span> <span class='ocrx_word' id='word_1_427' title='bbox 797 3099 840 3132; x_wconf 86' lang='grc'><strong>58</strong></span> <span class='ocrx_word' id='word_1_428' title='bbox 855 3110 906 3142; x_wconf 88' lang='lat' dir='ltr'><strong>sq.</strong></span> 
     </span>
    </p>

    <p class='ocr_par' dir='ltr' id='par_1_8' title="bbox 494 3153 1519 3197">
     <span class='ocr_line' id='line_1_41' title="bbox 494 3153 1519 3197; baseline 0.001 -9"><span class='ocrx_word' id='word_1_429' title='bbox 494 3155 522 3176; x_wconf 85' lang='lat'><strong>²⁴</strong></span> <span class='ocrx_word' id='word_1_430' title='bbox 536 3153 763 3189; x_wconf 79' lang='lat' dir='ltr'><strong>Wochenschr.</strong></span> <span class='ocrx_word' id='word_1_431' title='bbox 771 3154 802 3197; x_wconf 87' lang='lat' dir='ltr'><strong>s.</strong></span> <span class='ocrx_word' id='word_1_432' title='bbox 819 3154 920 3188; x_wconf 85' lang='lat' dir='ltr'><strong>klass.</strong></span> <span class='ocrx_word' id='word_1_433' title='bbox 937 3155 1061 3189; x_wconf 77' lang='lat' dir='ltr'><strong>Philol.</strong></span> <span class='ocrx_word' id='word_1_434' title='bbox 1076 3155 1184 3188; x_wconf 92' lang='lat' dir='ltr'><strong>XVII</strong></span> <span class='ocrx_word' id='word_1_435' title='bbox 1199 3155 1261 3189; x_wconf 89' lang='lat'><strong>641</strong></span> <span class='ocrx_word' id='word_1_436' title='bbox 1279 3165 1368 3197; x_wconf 65' lang='lat' dir='ltr'><strong>sqq„</strong></span> <span class='ocrx_word' id='word_1_437' title='bbox 1385 3153 1451 3189; x_wconf 90' lang='grc'><strong>697</strong></span> <span class='ocrx_word' id='word_1_438' title='bbox 1467 3165 1519 3197; x_wconf 88' lang='lat' dir='ltr'><strong>sq.</strong></span> 
     </span>
    </p>

    <p class='ocr_par' dir='ltr' id='par_1_9' title="bbox 493 3208 1204 3252">
     <span class='ocr_line' id='line_1_42' title="bbox 493 3208 1204 3252; baseline 0.001 -9"><span class='ocrx_word' id='word_1_439' title='bbox 493 3210 521 3231; x_wconf 79' lang='lat'><strong>²⁵</strong></span> <span class='ocrx_word' id='word_1_440' title='bbox 535 3209 654 3243; x_wconf 86' lang='lat' dir='ltr'><strong>Codex</strong></span> <span class='ocrx_word' id='word_1_441' title='bbox 669 3208 713 3243; x_wconf 91' lang='lat' dir='ltr'>W</span> <span class='ocrx_word' id='word_1_442' title='bbox 729 3209 947 3244; x_wconf 85' lang='lat' dir='ltr'><strong>Michaelisio</strong></span> <span class='ocrx_word' id='word_1_443' title='bbox 962 3209 1103 3252; x_wconf 87' lang='lat' dir='ltr'><strong>ignotus</strong></span> <span class='ocrx_word' id='word_1_444' title='bbox 1116 3214 1204 3245; x_wconf 81' lang='lat' dir='ltr'><strong>erat.</strong></span> 
     </span>
    </p>
   </div>
  </div>
 </body>
</html>
