2340 3840
405 371 446 405 22
736 369 804 403 DE
820 368 1113 404 FRAGMENTI
1129 368 1423 404 SVETONIANI
1438 368 1506 403 DE
1523 367 1868 404 GRAMMATICIS
2115 368 2191 411 1522

406 482 578 523 nomine
592 481 824 522 coniuncta
837 493 929 522 esse
942 480 1157 522 uidentur.
1217 481 1426 522 Ioannem
1439 486 1588 522 autem
1601 480 1833 534 Autispam
1847 480 2188 534 Porphyrionem

406 547 622 602 opusculis
639 547 827 589 Taciteis
844 547 1113 600 praetulisse,
1132 553 1177 588 et
1196 547 1310 588 uiros
1329 547 1482 588 doctos
1501 540 1637 599 quiid
1656 546 1863 599 temporis
1882 545 2048 589 Romae
2065 547 2190 601 dege-

405 614 514 656 bant
545 614 828 665 Germaniam‚'
858 613 1110 666 Agricolam,
1142 613 1380 665 Dialogum,
1413 625 1598 665 quorum
1628 612 1839 655 desiderio
1870 613 2056 666 Poggius
2085 618 2190 656 ante

406 680 559 734 uiginti
584 680 672 722 fere
696 692 833 722 annos
857 679 979 721 uelut
1004 679 1222 721 tabescere
1247 679 1365 720 uisus
1390 685 1496 731 erat,
1524 692 1794 732 quorumque
1816 679 1970 721 eodem
1994 681 2190 734 tempore

405 746 658 789 Panormita
688 753 780 788 tam
809 746 973 787 laetum
1002 746 1205 787 nuntium
1234 758 1325 787 sese
1349 745 1583 798 praestitit,
1608 745 1727 787 haud
1751 745 1873 787 flocci
1897 744 2190 788 aestimandos

406 819 538 866 atque
566 813 757 866 linguam
785 813 989 854 Latinam
1015 812 1164 865 potius
1192 811 1448 854 dedecorare
1477 825 1609 864 quam
1637 825 1788 854 ornare
1815 811 2075 854 iudicauisse
2101 825 2206 854 non-

406 877 546 922 cre'do.
606 880 759 932 Neque
777 884 1032 932 argumenta
1049 891 1177 930 uana,
1197 891 1250 919 ne
1268 878 1410 919 dicam
1427 877 1583 930 futilia,
1603 891 1714 930 quae
1731 879 1788 920 ad
1805 878 1921 920 hunc
1938 878 2189 932 scrupulum

407 945 646 988 tollendum
662 951 910 987 commenta
926 951 1041 996 sunt,
1059 951 1174 986 stare
1189 950 1386 997 possunt.
1445 945 1496 986 V.
1516 944 1726 986 Rossius⁴⁴
1742 945 1888 986 omnia
1903 944 1960 986 ad
1975 944 2189 998 liquidum

404 1012 636 1066 perducere
655 1011 737 1054 sibi
756 1012 874 1053 uisus
893 1017 973 1063 est,
995 1024 1094 1052 cum
1112 1010 1323 1052 iudicauit
1342 1011 1494 1052 Enoch
1517 1025 1568 1052 ex
1597 1010 1670 1052 illo
1701 1011 1860 1063 codice,
1894 1024 1981 1064 quo
2011 1011 2191 1056 Suetoni

405 1078 573 1120 libellus
598 1084 642 1120 et
667 1091 799 1131 opera
824 1077 1003 1119 Tacitea
1028 1077 1378 1129 continebantur,
1405 1077 1449 1118 id
1475 1077 1616 1118 solum
1641 1078 1897 1130 opusculum
1922 1077 2040 1130 quod
2065 1089 2190 1120 suam

406 1144 822 1187 animaduersionem
843 1144 1071 1197 praecipue
1088 1143 1363 1185 excitauisset
1384 1143 1429 1184 in
1449 1143 1693 1185 inuentario
1715 1143 2008 1196 adnotauisse,
2030 1156 2190 1188 nomen

407 1218 554 1253 autem
579 1212 642 1252 De
667 1210 959 1252 Grammaticis
983 1215 1020 1251 et
1044 1210 1287 1251 Rhetoribus
1311 1210 1357 1251 in
1382 1211 1444 1251 De
1470 1210 1586 1252 Viris
1606 1211 1633 1251 I
1634 1210 1848 1252 ilustribus
1871 1209 2188 1262 immutauisse,

407 1290 492 1330 quo
517 1283 694 1331 propter
721 1276 914 1318 fabulam
941 1276 994 1318 de
1020 1276 1102 1317 hoc
1128 1276 1271 1317 libello
1291 1276 1379 1317 iam
1400 1276 1655 1329 uulgatam⁴⁵
1674 1283 1915 1330 emptorem
1938 1276 2106 1319 facilius
2124 1276 2189 1320 in-

407 1344 586 1386 ueniret.
646 1334 767 1395 Quae
789 1343 902 1384 ratio
925 1343 1056 1384 libelli
1082 1342 1332 1384 Suetoniani
1358 1342 1534 1384 titulum
1558 1349 1780 1385 mutatum
1803 1343 2014 1396 explicare
2035 1343 2188 1397 possit,

406 1408 480 1453 sed
503 1423 653 1452 uerum
676 1410 840 1451 nodum
863 1409 916 1451 de
939 1409 1154 1462 opusculis
1176 1409 1366 1450 Taciteis
1389 1423 1439 1451 ex
1461 1409 1705 1450 inuentario
1727 1409 1896 1451 omissis
1918 1405 2038 1451 nuno
2058 1409 2190 1452 modo

407 1476 548 1518 soluit.
609 1477 738 1518 Certe
761 1489 850 1517 non
873 1476 936 1517 ita
959 1475 1184 1529 imperitus
1208 1482 1301 1517 erat
1326 1475 1478 1517 Enoch
1502 1482 1552 1517 ut
1576 1489 1675 1517 eum
1698 1475 1867 1518 falleret
1890 1476 2034 1518 Taciti
2057 1488 2189 1530 opera

407 1543 574 1584 minora
602 1543 794 1584 uirorum
823 1542 1052 1584 doctorum
1081 1541 1302 1595 cupidines
1331 1548 1382 1583 ut
1411 1555 1510 1583 cum
1539 1542 1724 1583 maxime
1753 1542 2016 1584 suscitatura
2042 1542 2188 1585 fuisse.

407 1610 548 1650 Immo
565 1621 668 1651 uero
684 1609 790 1650 haec
806 1609 851 1650 in
866 1609 1015 1661 primis
1032 1608 1088 1650 ad
1105 1608 1210 1649 illud
1227 1621 1433 1661 magnum
1448 1609 1638 1661 pretium
1655 1608 1772 1660 quod
1789 1608 1919 1650 uellet
1936 1608 2189 1651 merendum

404 1675 668 1729 protulisset.
706 1676 793 1716 Cur
810 1682 959 1717 autem
980 1675 1270 1717 Maximiliani
1290 1675 1525 1716 Lehnerdti
1545 1674 1825 1728 opinionem⁴⁸
1842 1688 2187 1726 commemorem,

406 1742 479 1795 qui
499 1742 650 1783 Enoch
669 1755 757 1783 non
777 1741 913 1783 totius
932 1741 1091 1783 codicis
1110 1747 1318 1783 contenta
1336 1741 1382 1782 in
1400 1741 1645 1783 inuentario
1664 1742 1896 1783 adnotasse
1915 1742 1991 1784 sed
2011 1742 2190 1784 Suetoni

406 1809 535 1850 modo
554 1808 760 1859 libellum,
781 1814 1011 1861 propterea
1032 1808 1149 1861 quod
1169 1808 1214 1848 id
1233 1808 1422 1861 primum
1442 1808 1585 1849 locum
1606 1808 1837 1859 obtineret,
1850 1808 2190 1862 comecias-iqui-

407 1875 503 1916 dem
528 1875 571 1916 in
597 1875 890 1919 Hersfeldensi
913 1875 1059 1916 codice
1083 1875 1262 1916 Suetoni
1285 1875 1541 1927 opusculum
1565 1888 1652 1915 non
1675 1874 1864 1927 primum
1887 1875 1962 1916 sed
1986 1874 2211 1917 ultimumr

404 1942 545 1983 locum
580 1941 795 1983 habebat?
864 1941 1018 1994 Neque
1057 1941 1264 1982 maiorem
1302 1941 1433 1982 fidem
1470 1941 1578 1983 facit
1614 1940 1852 1982 Annibaldi
1892 1939 2190 1993 coniectura,⁴⁷

405 2009 555 2050 Enoch
579 2014 756 2061 propter
782 2008 1003 2060 quandam
1029 2007 1360 2060 malignitatem,
1387 2020 1474 2060 qua
1498 2013 1651 2049 contra
1675 2020 1852 2048 suorum
1875 2007 2120 2049 studiorum
2143 2015 2189 2051 et

406 2074 652 2128 diligentiae
671 2074 985 2116 obtrectatores
1004 2087 1106 2115 usus
1124 2074 1195 2125 sit,
1214 2087 1264 2115 ea
1282 2074 1376 2127 ipsa
1393 2074 1574 2115 inuenta
1592 2087 1703 2126 quae
1719 2073 2030 2126 pretiosissima
2043 2081 2189 2116 essent

404 2140 620 2182 celauisse.

487 2206 744 2260 Superstitio
772 2206 871 2257 ista,
902 2220 1013 2259 quae
1042 2207 1194 2248 Enoch
1221 2207 1359 2248 nostri
1388 2206 1545 2248 codicis
1575 2206 1888 2248 Hersfeldensis
1915 2206 2188 2250 inuentorem

402 2273 512 2324 uult,
545 2280 717 2326 praeter
748 2273 938 2315 Pontani
969 2273 1268 2315 testimonium
1301 2273 1471 2314 duobus
1502 2273 1768 2326 argumentis
1799 2272 1966 2315 subniti
1995 2272 2188 2315 uidetur:

401 2339 590 2392 primum
615 2339 732 2392 quod
755 2339 829 2380 illo
852 2339 946 2393 ipso
970 2353 1086 2381 anno
1110 2352 1197 2392 quo
1221 2339 1349 2381 rediit
1373 2340 1526 2381 Enoch
1550 2339 1833 2381 Decembrius
1857 2339 1972 2381 hunc
1994 2338 2187 2382 codicem

403 2407 568 2447 Romae
586 2405 713 2457 uidit,
732 2405 887 2447 deinde
905 2406 1022 2459 quod
1039 2406 1084 2447 in
1102 2406 1347 2448 inuentario
1364 2406 1421 2447 ab
1439 2404 1591 2447 Enoch
1608 2412 1862 2459 comparato
1877 2406 2104 2448 Suetonius
2124 2406 2188 2448 Do

407 2471 522 2513 Viris
544 2472 787 2513 Illustribus
804 2486 849 2514 se
867 2472 1072 2514 habebat.
1109 2469 1303 2524 Quorum
1321 2479 1676 2525 argumentorum
1694 2472 1813 2525 prius
1831 2485 1928 2514 meo
1946 2472 2106 2514 iudicio
2123 2472 2187 2514 ni·

401 2537 461 2579 hil
483 2538 611 2580 ualet.
671 2539 789 2580 Nam
811 2539 1041 2580 Decembri
1062 2539 1196 2580 uerba
1217 2539 1401 2580 Cornelii
1422 2539 1538 2579 taciti
1558 2539 1659 2579 liber
1679 2539 1882 2590 reperitur
1901 2539 2030 2580 Rome
2059 2539 2186 2580 uisus

404 2604 508 2646 1455
529 2604 633 2646 nihil
652 2604 847 2646 indicant
866 2605 947 2646 nisi
966 2617 1129 2646 annum
1150 2618 1236 2658 quo
1255 2606 1346 2658 ipse
1365 2604 1480 2646 hunc
1500 2604 1691 2646 codicem
1709 2604 1899 2657 primum
1914 2604 2038 2646 uidit.
2109 2604 2185 2647 Sin

403 2670 458 2711 ab
486 2670 636 2711 Enoch
662 2670 796 2712 codex
822 2671 1065 2724 nuperrime
1093 2671 1266 2712 adlatus
1293 2677 1418 2723 esset,
1447 2671 1559 2712 hanc
1586 2684 1676 2711 rem
1704 2671 1775 2711 uix
1801 2670 2184 2723 praetermissurus

403 2742 496 2777 erat
516 2737 811 2778 DecembriuS.

487 2802 672 2844 Grauius
689 2803 863 2855 quidem
879 2810 945 2845 est
958 2803 1142 2844 alterum
1154 2810 1470 2856 argumentum,
1483 2816 1595 2854 cum,
1610 2803 1645 2844 si
1666 2802 1816 2844 Enoch
1835 2802 2187 2845 Hersfeldensem

404 2863 594 2910 codicem
610 2876 852 2922 reportasse
868 2870 1179 2922 negauerimus,
1197 2876 1275 2911 aut
1290 2870 1396 2910 illud
1412 2871 1474 2910 De
1496 2870 1610 2911 Viris
1627 2871 1652 2910 I
1653 2869 1866 2914 llus-tribus
1882 2869 2002 2910 cuius
2019 2869 2183 2911 mentio

488 2990 514 3010 ⁴⁴
526 2989 591 3032 Op.
611 2990 666 3024 cit.
685 2999 721 3033 p.
743 2990 817 3025 141.

461 3064 465 3068 ·
489 3045 515 3066 ⁴⁵
527 3044 673 3079 Famam
684 3044 731 3079 de
743 3055 785 3080 ea
796 3050 909 3089 parte,
923 3056 1014 3088 quae
1027 3050 1103 3080 erat
1116 3045 1160 3080 de
1173 3045 1369 3080 oratoribus
1382 3049 1420 3080 et
1431 3044 1556 3089 poetis,
1570 3055 1592 3079 a
1605 3044 1762 3079 Sicconio
1785 3043 1978 3079 Polentano
2000 3044 2187 3080 combusta

405 3099 441 3134 in
451 3098 570 3140 animo
579 3098 706 3134 habuit
715 3099 870 3135 Rossius.
917 3100 1005 3135 Vide
1015 3100 1167 3135 Pontani
1177 3105 1299 3135 notam
1310 3111 1415 3144 supra
1425 3111 1459 3144 p.
1475 3101 1515 3134 19
1530 3110 1583 3143 sq.

490 3155 667 3190 ⁴‘Hermes
680 3155 850 3190 XXXIH
867 3154 982 3197 (1898)
999 3167 1034 3199 p.
1050 3156 1126 3190 501.

490 3210 517 3231 ⁴⁷
530 3210 728 3252 L'Agricola
739 3220 755 3244 c
764 3211 799 3244 la
808 3211 989 3245 Germania
1018 3238 1025 3245 .
1059 3237 1067 3245 .
1099 3237 1106 3245 .
1136 3209 1231 3253 1907,
1242 3222 1276 3254 p.
1292 3211 1365 3246 145.
