2340 3840
439 351 503 385 114
763 349 831 383 DE
847 349 876 382 F
878 348 1122 384 RAGMENT
1122 349 1140 382 I
1156 348 1451 383 SVETONIANI
1467 348 1534 382 DE
1551 348 1896 386 GRAMMATICIS
2145 355 2223 398 [614

439 476 611 504 omnem
627 463 718 504 eius
734 461 986 503 memoriam
1001 460 1246 504 amiserint?
1291 460 1423 502 Dicat
1440 461 1594 514 aliquis
1609 461 1831 504 librarium
1848 480 1874 504 α
1890 476 2075 505 errorem
2090 476 2220 509 suum

440 528 734 582 recognouisse
753 533 987 580 ueramque
1006 527 1265 581 scripturam
1282 533 1435 579 postea
1450 527 1678 570 addidisse.
1729 529 1802 571 Sin
1820 529 2018 571 librarius
2036 528 2108 573 ille
2125 537 2220 575 tam

441 603 613 648 turpem
627 608 812 637 errorem
826 594 1110 647 perspexisset
1124 593 1279 635 falsam
1293 593 1521 635 lectionem
1536 600 1650 636 certe
1667 595 1906 647 delenisset,
1923 601 2056 649 atque
2071 609 2222 641 ueram

440 661 699 714 scripturam
723 673 811 702 non
835 666 886 702 ut
909 655 1139 702 lectionem
1163 659 1406 701 uariantem
1430 660 1505 701 sed
1530 667 1580 702 ut
1604 661 1912 703 correctionem
1935 661 2219 716 adhibuisset,

441 741 580 780 neque
597 727 753 769 falsam
770 727 876 768 illud
894 716 1015 768 nb'tus
1033 726 1077 768 in
1095 725 1354 779 apographis
1372 726 1530 768 codicis
1549 743 1575 768 α
1591 726 1728 768 ullum
1745 727 1889 769 locum
1906 729 2220 780 occupauisset.

442 795 562 847 Quae
581 807 681 836 cum
699 793 764 836 ita
782 793 883 844 sint,
905 806 992 846 quo
1012 793 1141 834 modo
1161 792 1343 834 uerbum
1361 793 1602 835 nominatus
1621 793 1666 835 in
1685 790 1726 835 N
1747 793 1954 848 explicari·
1966 795 2118 848 possit,
2137 795 2222 840 nisi

442 875 493 903 ex
510 860 595 903 alio
613 860 804 913 quodam
822 859 968 902 codice
986 866 1119 912 atque
1138 875 1164 900 α
1181 865 1410 912 acceptum
1427 859 1497 910 sit,
1517 872 1605 901 non
1623 858 1763 904 uideo.
1813 860 1862 901 C.
1883 857 1936 902 '25
1949 859 2012 914 (p.
2035 861 2128 914 122,
2149 861 2217 914 19)

443 927 758 980 Neapolitanus
775 939 875 968 cum
891 926 1042 968 ceteris
1058 925 1177 967 libris
1193 932 1364 978 praeter
1383 922 1420 966 Ο
1440 922 1492 966 W
1509 938 1737 967 numerum
1752 926 1976 979 pluralem,
1994 928 2222 981 educerent,

442 991 679 1045 adhibet,⁷⁶
703 992 856 1034 deinde
891 991 936 1043 (l.
962 990 1029 1043 20)
1053 991 1251 1033 librarius
1274 992 1415 1044 primo
1436 993 1683 1034 uerebantur
1706 1005 1805 1034 cum
1828 992 1980 1035 ceteris
2002 994 2222 1038 codicibus

441 1066 612 1113 praeter
636 1056 673 1101 Ο
699 1055 751 1100 W
773 1058 958 1112 scripsit,
980 1064 1133 1112 postea
1154 1058 1347 1100 litteram
1368 1072 1398 1100 n
1421 1059 1627 1111 expunxit
1650 1065 1700 1100 ut
1722 1060 1950 1110 uerebatur,
1973 1060 2163 1104 familiae
2186 1057 2223 1104 X

442 1126 584 1178 lectio,
599 1125 850 1168 efficeretur.
894 1126 947 1166 In
961 1125 1240 1178 sequentibus
1255 1131 1403 1166 autem
1418 1122 1458 1166 N
1473 1138 1573 1166 cum
1589 1122 1626 1166 Ο
1643 1122 1695 1166 W
1710 1132 1862 1168 contra
1876 1132 2040 1169 ceteros
2054 1127 2222 1170 codices

443 1206 591 1234 omnes
607 1192 727 1243 facit,
745 1192 959 1244 imposuit,
977 1192 1140 1241 celauit,
1157 1192 1287 1241 uenit,
1306 1190 1523 1232 exhibens.
1570 1192 1689 1242 Quae
1716 1192 1862 1234 omnia
1886 1191 2223 1236 luculentissime

444 1259 738 1301 demonstrare
764 1257 924 1300 debent
948 1258 1171 1299 librarium
1196 1254 1237 1297 N
1264 1257 1453 1310 duplices
1479 1258 1682 1299 lectiones
1708 1264 1811 1300 ante
1837 1258 1981 1300 oculos
2007 1259 2221 1302 habuisse.

444 1325 567 1367 Idem
589 1325 676 1366 fere
699 1324 857 1366 accidit
879 1337 914 1365 c.
940 1324 993 1366 25
1015 1323 1073 1377 (p.
1102 1317 1192 1374 120,
1211 1321 1266 1374 7),
1283 1324 1358 1364 ubi
1380 1324 1495 1365 idem
1516 1323 1713 1365 librarius
1735 1325 1955 1377 propriam
1976 1325 2166 1368 familiae
2188 1322 2224 1368 Y

442 1392 670 1433 lectionem
708 1392 836 1432 latine
869 1391 1022 1431 scilicet
1055 1390 1237 1431 scribere
1277 1397 1491 1442 coeperat,
1528 1390 1682 1432 deinde
1722 1391 1854 1432 uerbo
1893 1392 2022 1433 latine
2060 1391 2222 1445 scripto

442 1459 634 1500 litteram
670 1471 690 1498 e
726 1463 777 1497 ut
821 1457 1048 1498 delendam
1093 1456 1279 1507 notauit,
1326 1463 1458 1509 atque
1503 1470 1547 1498 os
1592 1464 1635 1498 et
1677 1457 1720 1497 ·i-
1759 1458 1888 1498 latine
1931 1458 2224 1512 suprascripto

443 1524 635 1565 codicem
657 1524 713 1565 ad
736 1523 926 1565 familiae
951 1520 987 1564 X
1009 1522 1140 1564 fidem
1162 1529 1403 1564 correctum
1426 1523 1626 1564 effecit.⁷⁷
1671 1523 1798 1576 Quid,
1823 1524 1940 1576 quod
1961 1523 2160 1566 librarius
2181 1521 2222 1566 N

443 1589 859 1632 contaminationem
882 1588 1007 1642 quasi
1026 1589 1118 1641 ipse
1139 1588 1356 1641 professus
1378 1590 1467 1630 est?
1519 1589 1688 1642 Nempe
1713 1590 1883 1643 Dialogi
1904 1589 1950 1631 in
1970 1589 2044 1633 illa
2066 1603 2225 1644 magna

442 1658 610 1707 lacuna,
637 1670 748 1709 quae
772 1662 838 1697 est
861 1662 962 1709 post
987 1669 1023 1696 c.
1050 1657 1117 1706 35,
1143 1656 1249 1696 haec
1273 1655 1461 1708 scripsit:
1491 1656 1666 1697 multum
1690 1656 1826 1709 deficit
1848 1657 1897 1697 in
1921 1657 2224 1710 exemplaribus

441 1737 543 1776 quae
564 1724 839 1775 reperiuntur.
885 1723 1003 1764 Caue
1025 1728 1173 1763 tamen
1193 1735 1247 1763 ne
1269 1722 1380 1763 hanc
1401 1722 1815 1764 contaminationem
1836 1723 1881 1763 in
1901 1722 1995 1775 ipso
2016 1723 2161 1765 codice
2181 1719 2223 1764 N

441 1789 630 1842 primum
645 1790 809 1830 factam
825 1802 915 1830 esse
931 1788 1160 1830 existimes.
1208 1789 1325 1829 Nam
1340 1788 1531 1829 hocloco
1548 1785 1673 1829 Gm.2
1691 1789 1815 1830 nobis
1831 1788 1989 1831 auxilio
2004 1789 2222 1840 subuenit,

442 1856 601 1908 quippe
625 1856 700 1908 qui
723 1862 816 1897 tam
838 1855 996 1896 mirum
1018 1855 1064 1895 in
1087 1854 1266 1895 modum
1288 1867 1387 1896 cum
1410 1851 1451 1895 N
1474 1855 1733 1908 conspiret⁷⁸
1757 1862 1806 1896 ut
1829 1869 1957 1897 nemo
1979 1855 2223 1898 existimare

440 1926 576 1978 possit
592 1923 630 1966 N
663 1932 706 1968 et
724 1922 849 1966 Gm.2
866 1925 1056 1966 familiae
1074 1921 1110 1965 X
1124 1924 1328 1966 lectiones
1343 1924 1538 1977 proprias
1554 1939 1576 1966 e
1593 1925 1770 1966 diuersis
1785 1925 1980 1967 fontibus
1994 1925 2221 1979 accepisse.

441 1996 530 2037 Aut
561 1992 686 2036 Gm.2
717 2009 767 2037 ex
795 1995 889 2048 ipso
918 1992 958 2035 N
989 1994 1134 2036 hausit
1163 2001 1240 2035 aut
1260 1991 1301 2035 N
1321 2001 1365 2036 et
1386 1991 1511 2035 Gm.2
1534 2009 1556 2036 e
1575 1995 1795 2036 communi
1813 1995 1935 2036 fonte
1954 1994 2221 2037 deriuantur.

442 2066 525 2107 Sed
540 2078 627 2106 una
640 2065 768 2107 lectio
784 2078 810 2106 a
826 2062 952 2106 Gm.2
969 2064 1134 2114 addita,
1165 2078 1201 2105 c.
1218 2065 1241 2105 5
1258 2062 1319 2117 (p.
1340 2066 1430 2115 104,
1451 2063 1518 2114 18)
1536 2065 1718 2106 Saeuius
1732 2065 1777 2105 in
1793 2064 1984 2118 margine
1997 2064 2222 2117 scriptum,

441 2135 561 2176 cuius
579 2135 746 2176 nullum
763 2141 829 2176 est
847 2134 1118 2187 uestigium⁷⁹
1134 2134 1180 2174 in
1197 2131 1238 2175 N
1256 2147 1333 2175 nos
1350 2134 1533 2187 impedit
1561 2134 1789 2186 quominus
1819 2131 1944 2176 Gm.2
1973 2148 2024 2177 ex
2050 2131 2091 2175 N
2118 2134 2223 2176 hau·

440 2205 543 2246 sisse
563 2204 869 2246 existimemus.
910 2205 1029 2256 Quae
1050 2217 1149 2245 cum
1168 2204 1231 2245 ita
1250 2204 1351 2254 sint,
1364 2204 1469 2245 satis
1490 2210 1662 2245 constat
1677 2205 1869 2246 codicem
1890 2221 1916 2246 α
1933 2210 2034 2258 post
2054 2220 2088 2255 ν,
2108 2217 2223 2246 com·

441 2288 570 2316 mune
589 2274 787 2316 codicum
808 2271 847 2315 G
866 2271 886 2314 Ι
905 2275 1205 2327 archetypum,
1226 2274 1537 2327 transcriptum
1556 2275 1631 2315 sed
1650 2281 1887 2327 antequam
1907 2274 2223 2327 Neapolitanus

441 2351 640 2385 exaratus
656 2344 727 2394 sit,
743 2345 923 2386 selectas
938 2343 1142 2385 lectiones
1159 2358 1181 2385 e
1196 2343 1362 2385 familia
1379 2341 1414 2384 X
1429 2343 1675 2395 adsciuisse,
1692 2344 1774 2385 nisi
1788 2344 1900 2386 forte
1915 2344 2084 2386 credere
2100 2343 2222 2386 malis

440 2413 573 2454 alium
593 2414 811 2466 quendam
829 2413 1020 2455 codicem
1039 2413 1151 2454 inter
1169 2410 1210 2454 N
1228 2420 1272 2455 et
1293 2430 1318 2454 α
1334 2413 1398 2454 ita
1415 2413 1691 2464 intercedere,
1711 2421 1760 2455 ut
1779 2411 1820 2455 N
1838 2427 1925 2455 non
1943 2413 1999 2455 sit
2017 2413 2130 2455 filius
2147 2414 2223 2455 sed

441 2495 573 2535 nepos
591 2483 749 2524 codicis
768 2500 805 2534 a,
823 2489 957 2536 atque
972 2483 1017 2523 in
1033 2483 1149 2523 hunc
1165 2483 1357 2524 codicem
1372 2483 1518 2535 potius
1537 2496 1669 2536 quam
1684 2483 1730 2524 in
1745 2483 1888 2536 ipsum
1906 2500 1931 2524 α
1946 2495 2017 2525 eas
2033 2482 2224 2525 familiae

443 2549 478 2593 X
513 2552 718 2594 lectiones
753 2552 992 2605 inrepsisse.
1030 2553 1372 2605 Vtramcumque
1407 2553 1463 2594 ad
1499 2553 1747 2606 opinionem
1782 2552 1977 2604 inclinas,
2013 2552 2222 2595 concedas

441 2635 611 2664 necesse
629 2629 694 2664 est
714 2619 840 2664 Gm.2
858 2635 958 2664 suas
975 2622 1180 2664 lectiones
1198 2636 1249 2663 ex
1265 2622 1339 2663 illo
1355 2622 1450 2675 ipso
1468 2623 1712 2676 exemplari,
1731 2637 1755 2664 e
1773 2636 1860 2676 quo
1877 2619 1919 2664 N
1936 2622 2222 2676 transcriptus

440 2692 510 2742 sit,
532 2692 759 2744 accepisse.
801 2692 1105 2744 Quaerendum
1124 2691 1257 2745 igitur
1277 2698 1343 2733 est
1363 2706 1386 2733 e
1408 2706 1495 2745 quo
1514 2692 1790 2745 potissimum
1809 2692 1999 2734 familiae
2021 2689 2057 2733 X
2077 2691 2223 2734 codice

441 2762 721 2814 Neapolitani
740 2768 865 2814 pater
884 2762 962 2803 has
981 2761 1187 2803 lectiones
1207 2762 1434 2814 acceperit.
1475 2763 1614 2814 Quem
1633 2775 1721 2810 non
1741 2776 1791 2803 ex
1812 2759 1864 2803 W
1884 2762 2076 2804 hausisse
2097 2767 2223 2814 quat-

532 2893 563 2915 ⁷⁸
574 2893 662 2928 Vide
676 2904 781 2936 supra
795 2905 830 2937 p.
845 2894 891 2928 90
905 2905 957 2937 sq.

532 2951 563 2973 ⁷⁷
574 2951 663 2986 Vide
676 2962 782 2994 supra
795 2963 831 2995 p.
847 2952 902 2987 89.

533 3007 560 3029 ⁷⁸
572 3006 691 3041 Etiam
705 3006 742 3041 in
756 3007 902 3042 minutis
916 3007 1019 3042 rebus
1033 3005 1136 3042 Gm.2
1151 3019 1232 3043 cum
1245 3005 1281 3042 N
1303 3007 1492 3051 conspirat,
1506 3012 1549 3042 ut
1563 3019 1593 3043 c.
1607 3008 1629 3042 6
1640 3006 1689 3051 (p.
1705 3007 1778 3049 105,
1793 3006 1847 3049 8):
1861 3005 1896 3041 N
1909 2995 2056 3042 dago-um
2070 3006 2222 3050 exhibet,

441 3063 542 3100 Gm.1
558 3069 596 3100 et
607 3063 626 3100 1
637 3065 780 3100 duorum
784 3077 794 3108 ;
808 3063 911 3101 Gm.2
926 3070 1046 3101 autem
1058 3077 1130 3101 non
1143 3065 1229 3100 satis
1242 3065 1367 3101 habuit
1379 3066 1534 3101 litteram
1548 3077 1570 3100 a
1583 3066 1846 3109 suprascribere,
1861 3065 1922 3101 sed
1934 3066 2076 3101 duorum
2090 3065 2126 3101 in
2139 3065 2224 3100 aaa·

439 3134 516 3159 rum
526 3123 639 3170 primo
651 3123 865 3167 immutauit,
878 3124 1005 3160 deinde
1015 3125 1171 3160 litteram
1182 3136 1200 3158 o
1213 3135 1318 3167 supra
1329 3124 1458 3167 posuit.

533 3183 559 3204 ⁷⁹
570 3182 658 3217 Vide
672 3193 777 3225 supra
791 3194 827 3226 p.
846 3183 921 3218 105.
