2340 3840
118 361 197 406 m
517 361 581 395 ET
597 360 907 396 RHETORIBVS
925 360 1151 396 CODICVM
1170 361 1308 396 NEXV
1323 361 1387 395 ET
1403 361 1520 395 FIDE
1879 363 1920 396 89

204 475 302 528 Quo
319 474 450 516 modo
466 474 544 516 fiat
562 480 612 515 ut
630 470 671 515 N
689 479 733 515 et
752 469 879 515 Gm.2
898 473 964 515 his
981 473 1084 515 locis
1109 487 1209 515 cum
1232 473 1398 516 familia
1423 470 1459 514 X
1482 473 1730 526 conspirent
1753 473 1922 516 infra¹⁷⁸

120 541 352 587 acutiam.
397 540 651 584 Praedicare
666 541 773 583 satis
789 547 869 592 est,
886 540 1304 582 contaminationem
1321 555 1342 582 e
1358 540 1524 582 familia
1542 537 1578 581 X
1594 540 1639 582 in
1661 538 1702 582 N
1724 547 1768 584 et
1792 538 1920 583 Gm.2

119 619 397 663 nonpossum
406 621 495 650 non
507 620 750 662 agnoscere.
797 608 928 649 Nunc
944 621 1016 649 eas
1031 607 1238 649 lectiones
1255 620 1363 660 quas
1379 618 1511 660 supra
1527 607 1706 661 exposui
1721 608 1920 651 aestime-

121 689 220 720 mus
235 689 265 719 a
279 675 410 718 certis
427 674 710 718 exordientes.
749 675 799 717 C.
823 676 873 716 10
891 672 952 728 (p.
977 669 1069 726 11'1,
1092 673 1160 725 17)
1181 674 1311 716 lectio
1329 675 1507 716 solitudo
1526 681 1570 717 et
1588 674 1684 727 ipsa
1701 675 1921 718 sententia

120 749 168 787 et
191 756 220 787 a
246 741 453 786 Cicerone
479 740 640 796 (Epist.
668 743 723 784 ad
751 742 837 784 Au.
865 742 960 783 XII
987 739 1059 792 26)
1089 741 1384 783 confirmatur.
1439 741 1562 783 Nihil
1588 748 1654 784 est
1681 742 1738 784 ad
1765 742 1921 784 diiudi-

121 809 313 854 candum
341 815 491 853 utrum
521 808 679 862 duplex
708 809 838 851 lectio
867 809 913 850 in
943 808 1238 850 Hersfeldensi
1267 808 1378 850 libro
1408 808 1554 860 fuerit,
1586 821 1643 851 an
1673 809 1921 862 corruptela

121 876 340 921 solicitudo
356 875 444 928 (uel
461 874 707 927 sollicitudo)
728 876 774 918 in
791 875 940 918 codice
959 872 994 917 Y
1012 883 1163 918 exorta
1181 875 1251 918 sit.

206 945 258 987 C.
278 944 334 987 25
352 942 413 998 (p.
436 943 530 996 120,
552 940 592 994 7)
613 956 763 986 ueram
781 942 1012 985 lectionem
1030 941 1240 985 latinos¹⁷⁴
1263 942 1425 984 Gellius
1445 943 1531 984 XV
1559 943 1625 994 11,
1654 943 1693 994 2,
1715 949 1918 985 testatur.

122 1012 245 1064 Quae
271 1010 405 1054 fuerit
433 1010 516 1053 hoc
543 1010 640 1053 loco
669 1009 985 1054 Hersfeldensis
1014 1009 1174 1052 codicis
1203 1010 1335 1052 facies
1364 1023 1444 1063 pro
1474 1015 1593 1052 certo
1622 1023 1711 1052 non
1741 1009 1921 1060 extrico;

121 1077 337 1132 siquidem
356 1074 409 1119 W
433 1074 476 1120 N
502 1073 630 1120 Gm.2
654 1091 735 1131 pro
752 1077 891 1120 altera
908 1076 1093 1119 lectione
1111 1090 1200 1118 non
1217 1077 1535 1129 latine-scilicet,
1556 1076 1674 1130 quod
1693 1083 1923 1130 expectan-

122 1145 230 1188 dum
246 1151 356 1197 erat,
375 1145 452 1188 sed
472 1146 516 1188 ,ιζ
536 1145 666 1187 latine
684 1144 910 1198 praebent.
976 1145 1073 1196 Quo
1104 1150 1238 1197 pacto
1257 1144 1387 1185 latine
1407 1145 1562 1186 scilicet
1582 1157 1633 1186 ex
1653 1144 1808 1186 latinos
1828 1156 1922 1185 cor-

65 1250 69 1254 .
120 1211 266 1266 rumpi
295 1211 490 1266 potuerit
520 1211 647 1254 facile
677 1210 862 1263 diuines;
892 1224 994 1253 cum
1013 1211 1147 1253 uerbo
1165 1212 1318 1253 latinos
1337 1211 1382 1252 in
1401 1211 1552 1253 latinos
1570 1217 1777 1264 corrupto
1794 1210 1924 1252 libra-

122 1278 211 1322 rius
235 1279 392 1333 aliquis
416 1279 547 1322 latine
573 1293 620 1321 .s.
648 1278 749 1320 inde
774 1278 978 1321 effecerit.
1036 1278 1120 1321 Sed
1146 1278 1222 1320 ubi
1247 1278 1354 1320 haec
1380 1278 1626 1331 corruptela
1652 1284 1803 1320 exorta
1828 1278 1919 1320 est?

121 1347 282 1390 Vtrum
294 1346 340 1388 in
353 1346 501 1389 codice
516 1342 552 1388 Y
565 1359 622 1388 an
636 1346 681 1387 in
695 1346 842 1388 codice
856 1346 1005 1399 aliquo
1018 1346 1265 1399 antiquiore
1281 1358 1414 1398 quam
1430 1344 1748 1388 Hersfeldensi?
1793 1345 1923 1387 Com-

121 1413 331 1467 pendium
355 1426 402 1456 .s.
425 1427 505 1467 pro
526 1414 683 1455 scilicet
703 1413 760 1455 ab
784 1413 1100 1455 Hersfeldensis
1123 1412 1284 1455 codicis
1307 1413 1621 1454 consuetudine
1643 1411 1822 1454 omnino
1846 1411 1922 1453 ab·

123 1479 342 1532 horrebat,
365 1480 442 1523 sed
464 1479 584 1522 nulla
607 1486 673 1523 est
696 1493 828 1522 causa
850 1493 926 1521 cur
949 1479 1038 1522 tale
1061 1479 1369 1532 compendium
1392 1479 1437 1521 in
1460 1479 1707 1533 antiquiore
1731 1479 1925 1532 quodam

122 1547 234 1590 libro
251 1561 298 1590 se
317 1547 477 1590 habere
496 1561 584 1589 non
603 1554 765 1600 posset.
816 1548 1018 1590 Fortasse
1037 1546 1083 1589 in
1104 1546 1400 1589 Hersfeldensi
1419 1548 1573 1589 latinos
1593 1547 1639 1588 in
1659 1552 1783 1588 textu
1804 1552 1924 1588 exta-

123 1614 216 1667 bat,
233 1614 363 1657 latine
379 1615 536 1657 scilicet
551 1615 597 1656 in
615 1615 825 1668 margine;
843 1614 1044 1656 librarius
1062 1621 1213 1656 autem
1233 1611 1268 1655 X
1286 1614 1518 1656 lectionem
1537 1611 1819 1668 marginalem
1836 1626 1925 1655 non

123 1688 218 1724 tam
235 1695 316 1736 pro
333 1681 472 1724 altera
489 1681 674 1724 lectione
694 1695 827 1735 quam
844 1692 924 1735 pro
942 1681 1334 1735 interpretamento
1353 1681 1526 1734 capiens
1546 1681 1591 1722 in
1609 1681 1677 1722 sui
1694 1680 1794 1722 libri
1813 1693 1925 1722 mar-

122 1747 268 1802 ginem
298 1748 590 1791 transcribens
622 1749 930 1802 compendium
963 1749 1006 1790 .i.
1038 1747 1102 1798 (id
1132 1747 1202 1799 est)
1236 1760 1316 1801 pro
1348 1750 1502 1790 scilicet
1533 1747 1777 1790 substituit.
1841 1747 1925 1788 Sed

124 1829 278 1858 uerum
295 1829 384 1858 non
403 1822 592 1870 praesto.

206 1883 401 1925 Transeo
418 1882 477 1926 ad
494 1882 617 1925 illum
635 1883 779 1924 locum
798 1897 834 1924 c.
852 1884 877 1925 5
896 1882 955 1936 (p.
974 1883 1066 1934 104,
1087 1881 1150 1934 19)
1173 1883 1465 1936 desperatum,
1483 1882 1559 1924 ubi
1578 1881 1792 1924 diuinatio
1812 1881 1925 1923 uiro-

123 1963 222 1992 rum
247 1949 598 1993 doctissimorum
624 1950 730 1992 satis
757 1950 945 1992 fertilem
970 1963 1062 1992 sese
1088 1950 1324 2003 praestitit,
1351 1950 1441 2002 sed,
1470 1956 1520 1992 ut
1547 1962 1644 1991 mea
1670 1955 1737 1991 est
1763 1948 1925 2002 opinio,

125 2015 198 2060 alii
222 2016 269 2059 in
296 2023 500 2069 metrum,
520 2017 595 2059 alii
621 2018 666 2058 in
692 2017 833 2070 ipsam
860 2031 965 2069 rem,
987 2030 1136 2059 omnes
1162 2017 1207 2058 in
1234 2017 1366 2059 fidem
1393 2017 1593 2059 codicum
1617 2022 1924 2070 peccauerunt.

125 2083 241 2126 Mihi
269 2084 521 2127 testimonia
549 2084 746 2126 omnium
774 2085 984 2126 librorum
1012 2084 1184 2137 saepius
1219 2084 1505 2137 perlustranti
1539 2084 1634 2125 luce
1663 2083 1820 2125 clarius
1849 2095 1925 2135 ap-

122 2157 249 2204 paret
269 2163 420 2194 ueram
439 2151 790 2194 emendationem
811 2165 899 2193 non
919 2166 971 2193 ex
991 2157 1083 2205 post
1103 2152 1232 2193 huius
1251 2151 1454 2205 progredi
1483 2151 1653 2203 debere,
1684 2163 1825 2203 neque
1857 2163 1926 2191 co-

123 2231 311 2272 gnomen
330 2220 593 2270 Postumum,
616 2219 778 2260 nedum
796 2219 1079 2270 Postumium,
1111 2232 1214 2260 nam
1246 2218 1333 2261 tale
1364 2231 1605 2271 cognomen
1634 2230 1763 2259 nemo
1784 2217 1925 2267 nouit,

124 2284 224 2327 huic
241 2285 529 2339 grammatico
547 2285 861 2327 uindicandum
879 2299 983 2327 esse.
1032 2286 1157 2327 Vnde
1174 2291 1267 2339 post
1284 2286 1358 2327 hoc
1375 2285 1420 2326 in
1441 2282 1480 2327 G
1499 2291 1699 2327 exortum
1716 2284 1774 2326 sit
1791 2284 1927 2325 frater

124 2351 215 2394 eius
229 2352 364 2394 codex
389 2349 411 2394 I
430 2357 523 2406 post
536 2353 577 2395 h’
592 2353 798 2395 exhibens
813 2353 959 2404 docet3
972 2366 1059 2406 qua
1074 2360 1223 2395 autem
1238 2353 1407 2395 ratione
1421 2358 1513 2406 post
1525 2352 1565 2393 h’
1578 2351 1840 2405 capiendum
1854 2351 1925 2401 sit,

122 2418 223 2462 libri
241 2415 280 2460 Ο
301 2415 355 2460 W
372 2419 545 2473 posthus
563 2419 816 2462 exhibentes
833 2420 964 2473 plane
984 2420 1305 2470 demonstrant;
1325 2419 1467 2473 postli’
1486 2419 1531 2461 in
1550 2419 1698 2461 codice
1718 2415 1752 2459 B
1773 2418 1928 2460 eodem

122 2485 327 2539 pertinet.
374 2486 530 2540 Neque
548 2486 703 2528 dubito
721 2486 826 2540 quin
843 2488 1018 2528 nicanor
1034 2500 1123 2528 non
1139 2487 1280 2528 solum
1297 2487 1342 2528 in
1358 2487 1500 2540 priore
1518 2500 1645 2528 uersu
1661 2484 1720 2539 (p.
1743 2486 1839 2536 104,
1861 2483 1928 2535 18)

123 2556 201 2598 sed
214 2555 260 2598 in
274 2555 357 2599 hoc
372 2570 545 2610 quoque
561 2571 689 2599 uersu
704 2557 843 2599 codici
859 2557 1155 2599 Hersfeldensi
1170 2557 1485 2599 uindicandum
1500 2557 1572 2608 sit,
1589 2563 1640 2599 ut
1657 2553 1695 2598 Ο
1709 2553 1762 2598 W
1774 2553 1814 2597 N
1828 2552 1927 2597 Gm.

122 2627 150 2669 2
172 2627 345 2670 docent.
399 2627 514 2680 Quin
536 2627 582 2669 in
605 2628 758 2670 eodem
782 2642 909 2670 uersu
931 2628 1062 2670 lectio
1093 2628 1251 2681 duplex
1276 2634 1334 2671 at:
1359 2643 1407 2670 ac
1428 2628 1476 2670 in
1500 2627 1795 2670 Hersfeldensi
1817 2627 1928 2668 libro

123 2697 255 2740 fuerit
275 2698 348 2740 uix
368 2698 563 2740 dubitari
581 2705 743 2752 potest.
793 2700 891 2741 Vna
910 2699 1058 2741 littera
1080 2700 1223 2741 deleta
1245 2706 1290 2741 et
1311 2705 1352 2740 at
1372 2711 1452 2752 pro
1473 2713 1521 2740 ac
1541 2713 1564 2740 e
1585 2697 1751 2740 familia
1772 2694 1807 2738 Y
1828 2698 1929 2738 sub-

123 2767 284 2811 stituto
301 2775 448 2811 totum
465 2770 609 2811 locum
628 2784 650 2811 e
668 2770 827 2811 codicis
847 2767 886 2811 Ο
905 2770 1158 2812 testimonio
1176 2771 1236 2812 sic
1254 2770 1477 2812 sanauisse
1496 2769 1603 2811 mihi
1621 2769 1788 2810 uideor:

206 2839 363 2881 Seuius
393 2840 583 2882 Nicanor
603 2841 748 2882 Marci
765 2842 956 2892 libertus;
976 2842 1139 2894 negabit

206 2910 363 2951 Seuius
392 2911 582 2952 Nicanor
605 2912 765 2953 Pothus
784 2912 908 2953 idem.
933 2913 991 2953 At
1011 2913 1189 2954 Marcus
1209 2913 1364 2953 docebit

123 2979 286 3022 Inutile
302 2987 368 3022 est
385 2994 590 3034 quaerere
608 2981 713 3034 quid
730 2981 882 3024 Seuius
898 2990 1136 3036 negaturus
1153 2983 1285 3024 fuerit
1301 2989 1380 3024 aut
1399 2982 1505 3035 quid
1524 2980 1702 3023 Marcus
1720 2980 1927 3022 docturus

123 3049 270 3102 fuerit,
288 3064 428 3104 neque
447 3052 553 3093 haec
571 3052 628 3093 ad
647 3066 735 3094 rem
754 3053 993 3105 pertinent;
1013 3067 1117 3095 nam
1137 3053 1369 3095 Suetonius
1391 3053 1469 3094 hos
1488 3051 1721 3093 uerisculos
1740 3064 1827 3091 non
1847 3049 1930 3090 nisi

211 3183 257 3206 m

211 3238 257 3262 ¹¹⁴
268 3183 466 3275 ἓοινῖεῗα
476 3240 545 3275 sibi
555 3245 594 3275 et
605 3240 752 3275 rhetoras
763 3241 814 3276 ibi
825 3241 907 3276 uide
919 3252 954 3285 p.
970 3242 1027 3285 55;
1041 3253 1078 3286 p.
1094 3241 1147 3276 70.
