2340 3840
151 358 229 402 6851
553 359 617 393 ET
633 360 943 394 RHETORIBVS
961 360 1187 395 CODICVM
1206 360 1343 394 NEXV
1360 361 1424 394 ET
1441 361 1556 394 FIDE
1896 361 1957 395 185

150 470 288 516 etiam
315 471 363 515 in
391 469 427 514 B
456 472 675 527 leguntur.
734 472 854 515 Ordo
884 473 1118 515 uerborum
1149 479 1199 514 ut
1228 473 1274 514 in
1303 473 1490 514 sestertia
1519 478 1689 515 centena
1719 481 1763 516 et
1793 480 1962 516 centena

151 540 339 582 sestertia
361 553 390 583 a
410 539 599 582 librariis
622 539 913 582 oscitantibus
937 546 1032 582 tam
1054 553 1184 593 saepe
1208 540 1468 582 mutabatur
1491 545 1542 581 ut
1566 539 1682 582 hunc
1705 554 1893 583 errorem
1916 540 1963 582 in

153 605 326 649 duobus
348 606 571 649 codicibus
594 606 764 649 factum
786 620 879 649 esse
902 606 1010 648 nihil
1033 612 1146 649 esset
1169 606 1479 649 admirandum
1486 621 1496 657 ;
1520 619 1662 659 neque
1684 613 1751 648 est
1775 607 1895 660 quod
1916 607 1963 648 in

155 674 293 727 prius:
314 673 503 727 primum
523 679 569 716 et
591 674 838 727 interrupto.-
858 673 1069 715 interiecto
1091 684 1353 727 magnopere
1373 673 1565 715 haereas.
1627 673 1861 726 Duplicem
1880 674 1963 716 lec-

153 739 320 784 tionem
343 754 502 783 omnes:
527 754 571 782 se
593 740 664 782 uel
687 740 827 782 codici
851 736 886 782 Y
909 740 980 782 uel
1002 740 1086 793 ipsi
1110 739 1407 782 Hersfeldensi
1431 738 1693 791 attribuo,³⁶⁶
1715 753 1816 782 cum
1846 754 1889 782 se
1917 740 1964 782 in

153 803 189 850 B
209 820 384 862 quoque
403 807 659 861 reperiatur,
679 813 725 849 et
745 807 1039 860 discrepantia
1058 807 1178 860 parie
1194 807 1228 848 i:
1249 807 1380 860 perite
1398 806 1553 848 eadem
1571 805 1741 848 ratione
1760 806 1964 859 explicari

152 879 315 928 potest.
375 874 479 916 Non
497 880 646 932 tamen
660 873 825 916 infitior
840 874 977 927 probi:
993 874 1178 926 improbi
1192 873 1384 926 aliquem
1399 873 1654 925 scrupulum
1670 872 1777 914 mihi
1791 872 1963 916 inicere.

154 941 238 984 Sed
250 941 323 983 hic
333 954 451 983 error
462 947 507 983 et
518 941 565 982 in
583 957 609 982 α
623 947 668 983 et
684 940 730 983 in
742 955 773 990 γ
791 954 814 983 e
827 940 961 983 uerbo
973 946 1183 994 sequente
1194 939 1475 981 inuerecundo
1489 938 1609 980 nasci
1619 945 1813 992 poterat;
1824 952 1964 992 neque

152 1020 180 1050 a
200 1021 305 1051 uero
325 1007 517 1050 alienum
537 1007 715 1049 uidetur
732 1007 934 1050 librarios
957 1024 981 1048 α
1002 1013 1047 1049 et
1063 1022 1094 1056 γ
1115 1006 1232 1048 hunc
1251 1006 1398 1048 locum
1418 1005 1718 1047 emendauisse
1738 1004 1824 1049 sibi
1844 1005 1960 1047 uisos

153 1087 259 1127 esse,
284 1075 502 1129 siquidem
525 1074 573 1116 in
598 1071 651 1116 W
676 1074 797 1128 probi
820 1073 868 1115 in
891 1073 1034 1127 probri
1057 1073 1250 1115 secunda
1275 1085 1411 1114 manu
1437 1078 1662 1114 mutatum
1687 1071 1962 1114 demonstrat

152 1141 360 1185 facetiam
375 1155 488 1196 quae
501 1140 569 1183 his
583 1141 728 1184 uerbis
743 1140 858 1182 inest
871 1140 1036 1182 scribas
1050 1139 1142 1182 eius
1157 1139 1318 1182 aetatis
1331 1138 1547 1181 fefellisse.
1576 1140 1690 1180 Tam
1704 1139 1884 1181 omnino
1899 1145 1966 1180 est

153 1208 332 1263 exiguus
356 1215 502 1252 textus
526 1207 665 1250 nostri
686 1207 825 1252 libelli
849 1207 1104 1250 Suetoniani
1127 1213 1179 1249 ut
1204 1219 1317 1260 quae
1340 1206 1527 1248 fortuita
1549 1218 1643 1248 esse
1667 1212 1853 1259 possunt
1877 1218 1966 1247 non

153 1275 314 1320 iniuria
333 1275 558 1330 quandam
578 1275 886 1330 cognationem
904 1274 1020 1316 inter
1040 1274 1198 1327 stirpes
1219 1291 1244 1314 a
1264 1279 1310 1316 et
1328 1289 1358 1322 ’γ
1379 1273 1572 1315 indicare
1593 1272 1842 1315 uideantur.
1891 1273 1964 1315 Al-

154 1342 242 1386 tior
265 1342 493 1397 inquisitio
520 1342 574 1385 de
604 1342 778 1396 Dialogi
804 1341 1005 1384 codicum
1031 1354 1159 1392 nexu,
1189 1353 1324 1394 quam
1350 1340 1474 1382 breui
1501 1354 1571 1382 me
1598 1339 1815 1393 suscipere
1841 1352 1968 1393 posse

153 1420 295 1464 spero,
319 1408 421 1452 huic
443 1409 706 1452 obscuritati
727 1409 876 1451 lumen
900 1408 1133 1451 diffundet.
1194 1408 1237 1450 Si
1261 1407 1432 1449 codices
1456 1424 1481 1448 α
1505 1413 1550 1449 et
1572 1423 1601 1456 ‘y
1627 1420 1716 1449 non
1739 1420 1791 1449 ex
1813 1406 1910 1460 ipso
1934 1403 1969 1448 Y

154 1476 232 1521 sed
254 1491 278 1520 e
301 1476 496 1532 quodam
518 1476 611 1520 eius
633 1476 888 1531 apographo
913 1475 1142 1529 deperdito
1165 1474 1338 1517 fluxisse
1362 1487 1602 1526 censemuS‚
1626 1487 1716 1516 non
1739 1474 1888 1516 omnia
1910 1474 1969 1516 ad

154 1543 373 1599 liquidum
389 1544 705 1598 perducuntur,
725 1543 935 1597 quoniam
954 1542 1302 1596 corruptelarum
1320 1554 1430 1595 quas
1451 1538 1490 1583 G
1509 1538 1528 1582 l
1547 1554 1648 1583 cum
1665 1545 1690 1592 ζ
1706 1541 1962 1594 praeferunt

154 1611 277 1655 nulla
297 1611 412 1655 ratio
432 1611 645 1654 redditur.
704 1613 864 1653 Restat
885 1610 1019 1664 igitur
1040 1609 1180 1652 altera
1201 1609 1466 1659 coniectura,
1490 1607 1684 1650 codicem
1707 1624 1732 1649 α
1755 1607 1969 1661 quasdam

154 1677 363 1722 lectiones
386 1692 439 1721 ex
460 1683 486 1730 ζ
507 1678 762 1730 adsciuisse3
796 1678 916 1731 quod
939 1676 1031 1719 fieri
1054 1689 1181 1730 posse
1204 1689 1294 1718 non
1317 1689 1442 1729 nego,
1467 1675 1544 1717 sed
1567 1681 1688 1717 certa
1710 1681 1972 1729 argumenta

156 1745 330 1789 desunt.
390 1745 560 1788 Mirum
585 1745 764 1799 quidem
787 1751 916 1796 esset,
932 1744 970 1786 si
992 1743 1108 1786 inter
1132 1743 1274 1785 multa
1294 1749 1339 1785 et
1360 1741 1484 1785 uaria
1507 1741 1655 1796 stirpis
1676 1758 1701 1783 α
1721 1747 1905 1795 peccata
1925 1747 1970 1783 et

155 1812 305 1867 stirpis
324 1828 354 1862 ’γ
377 1812 503 1864 uitia,
526 1826 639 1867 quae
660 1818 860 1855 sescenta
880 1818 999 1862 sunt,
1016 1811 1195 1853 eaedem
1217 1809 1490 1863 corruptelae
1512 1809 1582 1851 hic
1602 1808 1690 1850 illic
1711 1822 1799 1851 non
1822 1808 1972 1862 depre-

154 1877 513 1924 henderentur.⁸⁸⁷

239 1947 364 2001 Quae
383 1947 565 1990 tandem
585 1946 640 1989 de
659 1946 860 1988 codicum
880 1943 1155 1998 undeuiginti
1174 1951 1423 1985 nostrorum
1444 1956 1557 1984 nexu
1578 1950 1803 1996 comperta
1830 1942 1970 1983 habeo

156 2013 240 2056 hoc
258 2013 305 2056 in
323 2020 512 2057 stemma
532 2013 698 2056 contuli
706 2013 768 2055 :³⁵⁸

245 2115 289 2138 ⁸⁸⁸
299 2113 389 2151 Vide
401 2125 511 2158 supra
523 2125 561 2158 p.
581 2113 655 2149 101.

246 2172 292 2195 “⁴¹
306 2170 370 2207 Bis
382 2170 492 2207 etiam
507 2170 648 2206 easdem
663 2169 882 2212 corruptelas
896 2168 934 2203 in
947 2171 972 2210 β
987 2172 1026 2203 et
1040 2180 1065 2208 γ
1080 2165 1332 2202 animaduerti:

158 2305 190 2331 c.
227 2295 261 2339 5,
275 2305 312 2340 p.
331 2294 406 2339 104,
425 2294 466 2329 19
510 2240 593 2338 gozt
614 2292 719 2328 huius
744 2291 837 2335 (uide
858 2297 966 2335 supra
985 2297 1022 2334 p.
1090 2295 1171 2334 post
1185 2247 1262 2324 hog
1267 2231 1308 2324 (ξ
1315 2287 1332 2323 1
1361 2289 1457 2323 omis.
1474 2286 1508 2322 N
1553 2288 1702 2332 posthus
1719 2286 1748 2322 X

157 2417 190 2443 c.
231 2407 285 2451 10,
299 2418 337 2452 p.
355 2406 431 2450 109,
446 2407 467 2441 2
513 2347 575 2441 iii)
1097 2402 1183 2437 nihil

249 2473 294 2497 ⁸⁸⁸
306 2472 401 2517 sigla
414 2472 463 2509 ad
476 2471 614 2508 codices
629 2471 831 2516 deperditos
845 2469 1081 2513 designandos
1094 2468 1195 2504 uncis
1209 2468 1346 2503 inclusi.
