2340 3840
373 365 435 398 188
680 364 746 397 DE
764 364 792 397 F
793 362 1057 398 RAGMENTI
1073 364 1368 399 SVETONIANI
1385 365 1451 398 DE
1470 364 1815 400 GRAMMATICIS
2083 365 2160 408 [688

372 474 512 528 qualis
542 474 781 516 Vaticanus
807 475 915 516 4498
941 481 1020 525 est,
1046 475 1166 516 facta
1190 474 1365 528 insuper
1389 475 1542 517 indicis
1567 475 1749 527 iactura,
1775 489 1866 518 esse
1891 476 2157 519 derivatos.’'

372 542 473 583 Duo
492 540 652 582 iudicia
671 540 784 582 inter
803 553 848 582 se
869 541 1156 594 repugnantia
1175 541 1436 594 prompsisse
1456 541 1644 584 Rothius
1664 541 1770 583 mihi
1789 541 1980 584 uidetur:
2018 542 2160 596 primo

370 607 556 649 indicem
580 607 801 660 quoddam
824 620 914 649 esse
938 606 1148 650 bonitatis
1170 607 1340 660 pignus,
1365 608 1518 650 deinde
1539 608 1726 650 indicem
1748 621 1824 661 per
1844 622 1890 650 se
1911 615 2160 662 spectatum

371 673 477 714 nihil
498 673 555 715 ad
576 673 821 715 bonitatem
843 673 996 714 facere.
1041 674 1235 725 Quorum
1257 674 1584 715 enuntiatorum
1605 674 1706 715 huic
1726 674 1911 716 libenter
1932 674 2156 727 assentior,

369 740 476 781 illud
496 753 522 782 a
543 753 646 781 uero
667 740 900 783 abhorrere
920 752 1059 792 neque
1081 740 1138 781 ad
1158 753 1249 781 rem
1269 732 1482 793 pertinere
1502 740 1659 782 iudico.
1702 740 1839 782 Rothi
1859 740 2006 794 opinio
2025 740 2159 784 etiam

370 806 502 859 ipsius
521 806 582 848 rei
598 798 869 859 ignoratione
887 805 1056 856 nititur,
1082 820 1182 847 cum
1201 806 1518 859 Neapolitanus
1541 807 1675 848 codex
1692 807 1832 849 indice
1855 820 1943 848 non
1959 807 2017 850 sit
2038 819 2160 861 prae-

371 873 488 914 ditus
511 873 587 914 sed
610 872 752 914 indice
775 878 939 923 careat;
964 873 1155 914 Venetus
1179 872 1326 924 codeX,
1343 886 1473 926 quem
1495 873 1648 914 indicis
1670 873 1885 915 iacturam
1907 886 2158 927 perpessum

369 939 439 981 ille
479 939 759 990 existimauit,
800 938 988 980 indicem
1028 939 1208 990 habeat;
1249 952 1388 992 neque
1427 939 1473 980 in
1514 940 1548 980 F
1549 939 1764 981 lorentina
1804 939 1993 982 editione
2031 939 2161 983 index

370 1005 547 1047 consilio
569 1005 760 1056 editoris,
785 1011 836 1046 ut
859 1004 1047 1046 Rothius
1067 1004 1225 1046 alibi⁸⁶²
1245 1005 1471 1057 iudicauit,
1493 1005 1675 1047 omissus
1697 1005 1912 1057 uideatur,
1935 1005 2012 1048 sed
2032 1019 2162 1060 prop-

371 1078 489 1114 terea
516 1072 633 1125 quod
658 1071 704 1112 in
730 1071 964 1124 exemplari
990 1085 1076 1124 quo
1103 1072 1243 1114 editor
1269 1085 1371 1113 usus
1398 1078 1465 1113 est
1490 1071 1578 1113 iam
1605 1071 1847 1123 deficiebat,
1875 1071 2089 1126 siquidem
2113 1071 2161 1114 in

372 1138 613 1180 Hauniensi
652 1138 799 1179 codice
839 1151 925 1179 non
965 1137 1246 1180 inuenitur.³⁶³
1306 1138 1455 1179 Cuiuis
1495 1139 1607 1180 hanc
1647 1138 1946 1191 quaestionem
1984 1137 2161 1181 inuesti-

371 1205 494 1257 ganti
517 1211 701 1258 apparet
725 1204 912 1245 indicem
937 1217 1025 1245 non
1049 1205 1189 1246 solum
1213 1204 1258 1245 in
1284 1205 1453 1246 duobus
1477 1204 1737 1258 apographis
1764 1201 1800 1245 X
1825 1210 1870 1246 et
1895 1201 1930 1246 Y
1954 1218 2006 1246 ex
2031 1204 2160 1247 Hers-

371 1271 551 1312 feldensi
574 1271 689 1314 libro
714 1270 1025 1323 transcriptum
1051 1284 1154 1322 esse,
1180 1271 1256 1312 sed
1281 1271 1415 1312 etiam
1439 1271 1484 1312 in
1510 1271 1710 1312 omnibus
1736 1271 1875 1312 tribus
1900 1270 2160 1324 apographis

372 1336 531 1378 codicis
561 1334 596 1378 Y
623 1337 766 1378 locum
795 1336 1048 1380 obtinuisse.
1108 1338 1161 1378 In
1189 1337 1323 1390 stirpe
1354 1354 1378 1378 α
1406 1337 1598 1390 optimus
1627 1338 1761 1379 codex
1789 1334 1830 1378 N
1858 1337 1999 1379 indice
2027 1342 2160 1388 caret,

372 1403 503 1445 ceteri
530 1403 760 1445 deteriores
789 1400 828 1444 G
855 1400 875 1443 I
902 1403 1090 1445 indicem
1116 1403 1296 1447 habent.
1355 1405 1409 1444 In
1432 1403 1568 1456 stirpe
1593 1406 1620 1452 β
1638 1403 1734 1445 duo
1761 1403 1917 1456 optimi
1941 1403 2042 1445 libri
2067 1400 2103 1444 V
2129 1399 2162 1445 L

373 1475 417 1511 et
443 1482 554 1510 unus
581 1469 766 1511 deterior
791 1466 825 1510 B
851 1469 1038 1510 indicem
1064 1475 1336 1520 conseruant‚
1364 1483 1464 1511 curn
1488 1470 1598 1511 alter
1623 1469 1809 1511 deterior
1833 1470 1968 1512 codex
1994 1466 2034 1510 D
2061 1482 2162 1512 eum
2192 1467 2194 1469 ’

373 1535 577 1577 omiserit.
638 1537 691 1576 In
713 1535 846 1588 stirpe
864 1551 894 1585 γ
917 1535 1109 1588 optimus
1132 1536 1266 1578 codex
1290 1533 1339 1576 M
1363 1536 1550 1577 indicem
1572 1536 1767 1589 praebet,
1791 1536 1897 1577 dum
1921 1532 1960 1577 K
1984 1532 2028 1577 H
2053 1533 2087 1578 P
2109 1548 2161 1579 eo

373 1608 505 1653 caret,
531 1615 800 1655 quamquam
823 1601 1074 1655 integriores
1098 1608 1202 1643 sunt
1226 1615 1359 1655 quam
1385 1599 1416 1643 C
1442 1609 1486 1644 et
1509 1605 1542 1643 Δ
1568 1602 1643 1655 qui
1665 1602 1807 1644 indice
1830 1601 2020 1655 praediti
2041 1609 2158 1645 sunt.

374 1669 477 1709 Duo
510 1674 659 1710 autern
693 1668 846 1721 reliqui
878 1668 1046 1710 codices
1081 1665 1118 1709 U
1156 1666 1195 1716 Q
1230 1675 1412 1722 uterque
1445 1668 1656 1721 pessimus
1688 1668 1875 1710 indicem
1908 1668 2160 1710 amiserunt.

374 1735 495 1787 Quae
522 1748 622 1775 cum
649 1734 714 1776 ita
740 1734 843 1785 sint,
873 1735 1073 1787 quamuis
1101 1735 1257 1788 optimi
1281 1735 1382 1777 libri
1409 1735 1496 1777 iere
1524 1748 1671 1777 omnes
1700 1735 1887 1776 indicem
1914 1734 2160 1786 exhibeant,

374 1800 639 1843 contrarium
662 1801 870 1854 pessimos
893 1801 1025 1842 libros
1048 1801 1189 1843 indice
1213 1815 1355 1843 carere
1380 1814 1468 1842 non
1490 1801 1703 1854 sequitur;
1729 1814 1868 1855 neque
1891 1801 2020 1843 index
2043 1800 2161 1855 quic-

375 1881 507 1921 quam
549 1867 666 1908 ualet
707 1868 764 1909 ad
804 1880 960 1920 genera
999 1867 1208 1909 librorum
1247 1868 1496 1910 statuenda.
1556 1868 1683 1909 Hanc
1723 1881 1814 1909 rem
1854 1867 1972 1909 haud
2012 1866 2161 1910 multis

375 1933 517 1977 uerbis
556 1933 732 1987 dignam
769 1934 987 1984 haberem,
1027 1934 1108 1974 nisi
1146 1934 1311 1975 Ihmius
1351 1934 1542 1988 quodam
1580 1934 1709 1975 modo
1748 1933 1885 1975 Rothi
1920 1933 2162 1976 sententiae

373 2000 601 2052 suffragari
620 2000 737 2041 uisus
757 1999 888 2042 est.⁸⁶⁴
1477 1995 1483 2001 ’

458 2065 833 2107 Reifferscheidius
859 2065 904 2106 in
931 2065 1151 2107 codicibus
1179 2065 1336 2107 nostris
1364 2065 1614 2107 ordinandis
1640 2065 1912 2118 aliquantulo
1938 2064 2161 2118 processit,

373 2144 474 2173 cum
495 2131 758 2173 Vaticanum
783 2133 887 2173 1862
911 2138 956 2174 et
977 2132 1167 2174 Pontani
1187 2132 1360 2184 librum,
1377 2146 1399 2173 e
1422 2145 1509 2185 quo
1530 2131 1749 2173 Leidensis
1772 2122 2059 2184 transcriptus
2080 2137 2161 2182 est,

373 2211 396 2239 e
415 2198 635 2239 communi
653 2198 892 2251 archetypo
910 2198 1162 2251 profluxisse
1181 2205 1296 2241 recte
1314 2198 1585 2241 indicauerit.
1646 2198 1775 2239 Hunc
1793 2204 1943 2240 autem
1961 2197 2164 2240 Vaticani

373 2272 417 2307 et
439 2265 538 2306 libri
561 2266 823 2307 Pontaniani
845 2273 1071 2318 parentem
1094 2281 1145 2308 ex
1169 2267 1404 2319 apographo
1420 2266 1690 2307 Henochiano
1712 2265 2023 2318 transcriptum
2042 2264 2161 2307 haud

374 2338 490 2373 recte
531 2332 698 2373 censuit
739 2332 1127 2374 Reifferscheidius.
1198 2333 1294 2384 Quo
1335 2333 1387 2374 de
1428 2333 1666 2385 apographo
1711 2332 1995 2383 Henochiano,
2044 2330 2162 2384 quod

374 2411 614 2451 numquam
646 2398 727 2439 nisi
759 2398 804 2438 in
825 2399 1148 2440 Reifferscheidi
1170 2406 1313 2440 mente
1334 2399 1481 2440 extitit
1499 2412 1640 2451 pauca
1659 2398 1772 2439 infra
1796 2397 1856 2451 (p.
1883 2395 1977 2448 192)
2002 2397 2158 2439 dicam.

376 2464 556 2505 Codices
583 2464 729 2517 stirpis
762 2481 806 2515 γ,
841 2478 973 2517 quam
1000 2466 1190 2516 nomino,
1223 2478 1301 2507 sua
1332 2465 1610 2518 indagatione
1641 2465 1816 2505 omnino
1847 2464 2046 2518 indignos
2077 2463 2161 2506 exi-

374 2530 573 2571 stimauit
603 2531 995 2582 Reifferscheidiu53
1026 2546 1165 2584 neque
1194 2532 1392 2573 codicum
1422 2531 1647 2573 Bodleiani
1675 2537 1719 2572 et
1749 2530 2024 2581 Hauniensis,
2054 2543 2160 2583 quo-

375 2608 472 2637 rum
496 2595 580 2647 ille,
607 2595 691 2636 nisi
715 2596 854 2647 fallor,
881 2596 975 2637 uiro
1002 2597 1252 2638 doctissimo
1272 2597 1449 2639 omnino
1468 2595 1643 2650 ignotus
1663 2602 1772 2647 erat,
1793 2595 1928 2637 ullam
1947 2594 2162 2638 rationem

375 2661 544 2703 habuit.
613 2662 834 2714 Quattuor
853 2663 1040 2715 reliquos
1059 2663 1190 2705 libros
1212 2660 1250 2705 Ο
1272 2661 1313 2704 Ν
1335 2660 1373 2704 G
1393 2660 1414 2704 1
1435 2663 1592 2715 quibus
1612 2676 1714 2703 usus
1735 2668 1802 2704 est
1824 2661 1886 2703 sic
1908 2660 2162 2704 summatim

376 2729 539 2770 dimisit
548 2728 604 2770 :³⁶⁵
629 2729 868 2782 “quattuor
890 2729 1022 2782 igitur
1044 2731 1119 2781 illi,
1141 2744 1409 2783 quamquam
1431 2730 1545 2771 inter
1573 2744 1617 2771 se
1641 2729 1796 2783 singuli
1818 2729 1968 2771 affines
1989 2734 2094 2770 sunt
2115 2733 2160 2770 et

375 2808 524 2836 omnes
538 2795 758 2836 interdum
772 2809 918 2836 secum
933 2797 1223 2847 consentiunt,
1240 2797 1486 2849 discrepant
1500 2810 1526 2837 a
1541 2796 1767 2846 Vaticano,
1783 2802 1932 2837 tamen
1947 2795 2076 2837 modo
2091 2794 2160 2836 hic

376 2861 505 2902 modo
525 2861 592 2903 ille
613 2862 789 2914 propius
807 2862 863 2903 ad
884 2862 1085 2903 Vaticani
1105 2863 1357 2904 memoriam
1377 2863 1603 2904 accedunt.
1662 2875 1740 2903 nec
1759 2861 1895 2914 possis
1915 2860 2091 2902 omnino
2111 2873 2163 2902 ex

466 2959 509 2981 ⁸⁸²
522 2959 671 3002 Praesat.
687 2970 722 3002 p.
739 2960 870 2994 LVIII.

465 3014 510 3036 ⁸⁶⁸
522 3014 610 3049 Vide
624 3025 729 3057 supra
743 3026 779 3058 p.
798 3015 862 3048 126
876 3025 928 3058 sq.

465 3070 510 3092 ⁸⁶⁴
521 3070 586 3112 Op.
605 3071 659 3104 cit.
678 3081 713 3112 p.
733 3070 812 3104 543:
836 3064 936 3104 “Das
953 3070 1032 3105 sind
1051 3071 1089 3104 11
1109 3070 1397 3113 Handschriften;
1415 3070 1500 3105 aber
1516 3081 1554 3105 es
1570 3070 1733 3105 existiren
1749 3069 1858 3112 mehr,
1875 3068 2090 3104 mindestens
2109 3068 2161 3111 18,

374 3135 446 3159 von
465 3125 590 3167 denen,
610 3125 736 3167 glaube
753 3125 821 3168 ich,
841 3125 1048 3167 wenigstens
1066 3125 1123 3160 die
1139 3126 1278 3168 jenigen
1297 3125 1391 3160 einer
1408 3136 1604 3168 genaueren
1622 3125 1779 3167 Prfifung
1796 3129 2007 3167 unterzogen
2025 3123 2163 3159 werden

374 3179 510 3222 sollten,
534 3180 592 3215 die
614 3180 683 3215 den
706 3180 810 3215 index
832 3180 989 3223 capitum
1011 3181 1210 3216 aufweisen.
1256 3181 1362 3215 Denn
1385 3181 1500 3215 Roths
1522 3179 1770 3215 summarische
1794 3179 2061 3214 Classification:
2083 3178 2162 3213 libri

373 3235 532 3270 meliores
542 3235 609 3269 mit
619 3236 700 3270 dem
711 3235 825 3278 index,
837 3236 1025 3270 deteriores
1036 3236 1127 3270 ohne
1137 3236 1205 3271 den
1216 3236 1330 3279 index,
1342 3236 1405 3270 hat
1415 3235 1580 3270 manches
1591 3236 1647 3270 fiir
1656 3234 1764 3270 sich.''

464 3291 509 3312 ¹⁶⁵
520 3291 584 3332 Op.
598 3291 652 3324 cit.
665 3302 700 3333 p.
713 3291 789 3325 415.
