2340 3840
140 1710 229 1756 cap.
245 1710 309 1747 1v.

834 701 998 736 INDEX
1014 700 1235 736 CAPITVM

300 818 310 828 .
355 792 400 827 In
417 803 490 843 quo
506 791 552 827 de
569 791 688 827 codice
706 789 944 826 Hersfeldensi
962 795 1071 834 atque
1088 789 1133 824 de
1151 788 1226 824 eius
1243 788 1447 824 inuentione
1465 794 1502 823 et
1521 787 1764 823 inuentoribus

400 846 584 883 disseritur
588 871 1803 883 .......................................................
1922 843 2011 877 9-28

356 915 401 950 In
415 925 487 958 quo
501 913 722 957 undeuiginti
736 913 872 949 codices
886 913 948 957 qui
962 917 1120 948 aetatem
1134 911 1292 948 tulerunt
1306 910 1461 947 breuiter
1474 910 1736 946 describuntur.
1750 938 1759 946 .
1773 937 1781 946 .
1796 937 1804 946 .
1902 908 2010 944 29-37

360 981 418 1018 De
432 981 574 1017 familiis
594 978 624 1016 X
641 987 678 1016 et
695 979 736 1016 Y.
777 982 821 1016 In
837 992 909 1024 quo
925 980 997 1016 duo
1013 978 1269 1015 Hersfeldensis
1285 978 1415 1014 codicis
1430 978 1538 1014 fuisse
1553 977 1758 1022 apog-rapha
1779 974 1807 1011 X

401 1042 439 1074 et
455 1035 498 1081 Y,
513 1042 623 1081 atque
638 1048 680 1072 ex
695 1036 899 1082 apographo
918 1033 948 1071 X
964 1035 1101 1072 codices
1118 1033 1152 1070 0
1170 1033 1227 1078 W,
1244 1046 1286 1070 ex
1301 1034 1505 1079 apographo
1520 1039 1643 1070 autem
1658 1031 1688 1068 Y
1705 1033 1810 1068 ceteri

399 1161 430 1197 1.

378 1285 429 1320 11.

360 1408 431 1444 111.

402 1093 539 1130 codices
549 1104 671 1129 omnes
681 1092 885 1138 profluxisse
895 1092 1185 1128 demonstrantur
1192 1117 1804 1127 ............................
1903 1088 2014 1122 38-94

475 1160 659 1196 Lectiones
674 1159 866 1205 peculiares
882 1159 1065 1203 utriusque
1081 1158 1246 1203 familiae,
1263 1169 1328 1194 nec
1344 1169 1417 1193 non
1433 1163 1469 1193 et
1487 1156 1702 1201 singulorum
1718 1156 1812 1192 codi-

519 1227 602 1252 cum
623 1214 656 1251 0
670 1214 715 1251 W
727 1215 858 1252 tabulis
868 1215 1077 1251 exhibentur
1083 1241 1805 1251 .................................
1904 1210 2015 1246 38-54

475 1284 624 1320 Codices
643 1281 676 1319 0
689 1281 734 1319 W
750 1283 906 1327 quodam
924 1282 1112 1328 opprobrio
1130 1282 1334 1318 liberantur.
1376 1281 1614 1317 Notabiliores
1633 1280 1760 1316 codicis
1780 1277 1813 1314 0

475 1339 642 1376 lectiones
657 1340 812 1375 breuiter
826 1344 1028 1374 tractantur
1036 1364 1806 1374 ...................................
1906 1333 2017 1369 54-59

476 1407 714 1443 Notabilioroe
730 1406 883 1442 familiae
903 1404 933 1442 X
949 1411 1059 1450 atque
1075 1405 1205 1442 codicis
1222 1404 1267 1441 W
1284 1405 1451 1440 lectiones
1467 1404 1514 1439 ad
1531 1403 1814 1439 Hersfeldensetn

476 1463 606 1499 librum
619 1463 876 1499 restituendum
889 1467 1102 1498 tractantur.
1137 1461 1293 1506 Quidam
1305 1461 1372 1497 loci
1385 1460 1542 1505 corrupti
1555 1464 1742 1495 sanantur.
1757 1487 1764 1494 .
1780 1487 1786 1494 .
1803 1487 1809 1493 .
1908 1457 2020 1492 59-86

360 1531 424 1567 1v.
454 1530 639 1567 Lectiones
656 1542 745 1575 quas
762 1530 872 1566 codex
889 1529 924 1566 N
941 1535 978 1566 et
995 1529 1150 1566 secunda
1167 1540 1294 1564 manus
1311 1528 1348 1563 in
1367 1526 1401 1563 G
1420 1540 1502 1563 cum
1519 1526 1653 1563 familia
1674 1524 1704 1561 X
1723 1538 1816 1562 com-

477 1598 602 1623 munes
620 1586 755 1622 habent
773 1586 992 1622 exhibentur.
1036 1585 1238 1621 Nonnullae
1257 1584 1476 1629 corruptelae
1495 1589 1678 1619 sanantur.
1723 1582 1816 1618 Con-

478 1642 625 1688 spiratio
638 1643 732 1678 inter
743 1642 915 1678 familiam
931 1639 961 1677 X
975 1647 1012 1678 et
1025 1641 1180 1677 familiae
1194 1639 1224 1676 Y
1238 1640 1393 1684 singulas
1407 1639 1533 1685 stirpes
1548 1644 1739 1675 tractatur.
1756 1667 1762 1673 .
1778 1667 1784 1673 .
1801 1667 1807 1673 .
1906 1637 2016 1672 87-94

362 1711 420 1746 De
434 1710 588 1746 familiae
604 1708 634 1746 Y
650 1710 764 1746 tribus
778 1710 949 1755 stirpibus
966 1723 988 1744 α
1002 1713 1026 1751 β
1042 1722 1068 1750 γ
1087 1733 1811 1745 .................................
1885 1704 2023 1739 95—186

403 1779 434 1814 1.
478 1778 664 1822 Quaedam
678 1778 935 1822 discrepantiae
950 1777 1043 1813 inter
1058 1777 1212 1812 familiae
1229 1774 1259 1811 Y
1275 1775 1429 1819 singulas
1445 1775 1572 1820 stirpes
1587 1774 1634 1809 ad
1649 1773 1816 1809 lectiones

479 1834 637 1879 duplices
652 1834 690 1869 in
707 1833 946 1869 Hersfeldensi
963 1833 1082 1869 codice
1100 1832 1301 1868 referendae
1317 1832 1616 1867 demonstrantur.
1658 1829 1819 1865 Nonnul-

480 1888 536 1926 lae
550 1890 768 1935 corruptelae
784 1895 956 1926 sanantur
964 1914 1811 1925 ......................................
1886 1883 2020 1919 95-103

384 1958 435 1993 11.
481 1958 538 1993 De
553 1957 662 2002 stirpe
679 1971 701 1992 α
709 1981 1812 1993 ..................................................
1870 1950 2024 1986 103-116

486 2025 515 2060 1.
539 2024 724 2060 Lectiones
736 2024 841 2060 huius
854 2024 973 2069 stirpis
986 2035 1050 2058 nec
1064 2035 1135 2059 non
1149 2028 1186 2058 et
1200 2022 1329 2058 codicis
1342 2021 1377 2058 N
1390 2021 1552 2066 propriae
1566 2020 1789 2056 exhibentur.
1806 2048 1812 2054 .
1870 2017 2022 2052 103-109

484 2093 516 2128 2.
541 2092 662 2128 Codex
676 2091 803 2136 aliquis
818 2091 1023 2136 deperditus
1038 2106 1056 2125 ν
1072 2091 1165 2126 inter
1179 2090 1316 2126 codices
1333 2087 1366 2124 G
1383 2088 1401 2124 1
1417 2094 1453 2124 et
1469 2089 1626 2124 codicem
1637 2102 1659 2122 α
1674 2087 1820 2122 interce-

572 2148 655 2184 dere
669 2149 935 2183 demonstratur
943 2171 1814 2183 .......................................
1872 2142 2022 2176 109-113

487 2216 522 2252 3.
545 2215 729 2260 Quaedam
738 2215 905 2250 lectiones
915 2215 951 2250 in
961 2213 995 2250 N
1005 2220 1042 2250 et
1053 2213 1086 2248 G
1098 2215 1168 2250 m.2
1186 2226 1206 2249 e
1223 2213 1355 2249 familia
1367 2210 1396 2247 X
1406 2212 1611 2258 profluxisse
1620 2210 1822 2246 iudicantur
1872 2207 2026 2243 113-116

484 2284 542 2318 De
556 2282 666 2328 stirpe
680 2286 706 2324 β
712 2309 1300 2318 ...........................
1316 2278 1323 2316 ’.
1338 2305 1816 2316 ......................
1873 2276 2022 2310 116-141

487 2350 518 2386 1.
541 2349 725 2386 Lectiones
743 2349 862 2395 stirpis
879 2352 904 2390 β
920 2349 1081 2394 propriae
1099 2348 1309 2384 exhibentur
1315 2373 1816 2383 .......................
1872 2342 2026 2377 116-118

486 2418 518 2453 2.
543 2417 684 2453 Codicis
699 2415 729 2451 B
753 2416 920 2452 lectiones
943 2416 1169 2452 notabiliores
1191 2415 1401 2450 exhibentur
1423 2420 1532 2457 atque
1555 2413 1710 2449 breuiter
1734 2418 1823 2447 trac·

576 2478 701 2508 tantur
708 2496 1816 2509 ..................................................
1874 2468 1887 2500 l
1897 2467 2025 2500 18-122

487 2541 520 2576 3.
545 2540 694 2577 Codices
710 2539 744 2575 D
760 2538 790 2575 V
806 2538 835 2575 L
850 2552 869 2576 e
885 2540 1063 2576 communi
1078 2539 1271 2584 archetypo
1286 2538 1471 2583 deperdito
1496 2541 1518 2571 λ
1542 2536 1745 2582 profluxisse
1765 2535 1823 2570 de-

577 2602 822 2632 monstrantur
827 2620 1817 2632 .............................................
1874 2590 2026 2624 122—123

487 2665 520 2700 4.
546 2664 666 2700 Codex
681 2663 714 2699 D
729 2669 766 2700 et
779 2664 888 2699 editio
902 2663 1104 2699 Florentina
1118 2675 1149 2698 a.
1169 2662 1253 2698 1478
1268 2667 1469 2698 tractantur
1476 2688 1818 2696 ................
1875 2657 2029 2692 124-128

489 2731 522 2767 ⁵.
547 2732 604 2767 De
616 2731 794 2767 codicibus
807 2729 836 2766 V
851 2729 878 2766 L
891 2736 927 2766 et
940 2731 1126 2775 praecipue
1138 2730 1182 2765 de
1195 2729 1399 2765 correctoris
1412 2740 1519 2764 manu
1532 2728 1569 2762 in
1582 2726 1609 2762 L
1622 2727 1818 2762 disseritur.
1876 2723 2028 2759 128-138

489 2799 522 2834 ⁶.
547 2798 660 2843 Stirps
676 2802 700 2840 β
715 2798 752 2833 in
767 2798 917 2843 propriis
932 2797 1141 2833 lectionibus
1156 2797 1226 2832 leui
1242 2808 1316 2832 esse
1332 2795 1545 2831 auctoritate
1561 2794 1752 2830 iudicatur.
1769 2822 1774 2828 .
1790 2822 1797 2827 .
1813 2821 1820 2828 .
1876 2791 2026 2827 138—141

490 2867 547 2902 De
562 2866 671 2911 stirpe
686 2879 712 2907 γ
719 2889 1819 2902 ..................................................
1877 2858 2031 2893 141-186

493 2934 523 2969 1.
547 2933 731 2969 Lectiones
748 2933 867 2978 stirpis
884 2946 910 2974 γ
927 2933 1088 2978 propriae
1106 2933 1325 2968 exhibentur.
1367 2933 1471 2966 Duae
1489 2929 1706 2974 corruptelae
1724 2928 1827 2963 huius

580 2989 700 3034 stirpis
714 3001 821 3035 opera
836 2995 1009 3025 sanantur
1014 3013 1820 3024 .....................................
1878 2981 2029 3017 141-147

491 3057 524 3092 2.
549 3057 697 3093 Codices
719 3055 763 3091 M
788 3054 822 3091 K
844 3068 864 3091 e
885 3056 1063 3092 communi
1085 3056 1278 3100 archetypo
1299 3054 1483 3100 deperdito
1505 3058 1522 3088 δ
1544 3052 1747 3098 profluxisse
1769 3051 1828 3086 de-

581 3117 827 3148 monstrantur
831 3135 1822 3148 .............................................
1879 3104 2029 3140 147-152

493 3181 526 3215 3.
552 3180 670 3216 Ceteri
680 3180 799 3225 stirpis
810 3193 835 3221 -γ
846 3180 983 3216 codices
994 3192 1013 3215 e
1023 3180 1201 3215 communi
1212 3178 1407 3222 archetypo
1421 3177 1605 3222 deperdito
1622 3180 1642 3217 ζ
1657 3181 1756 3211 ortus
1767 3175 1831 3209 du-

580 3247 657 3271 cere
666 3237 863 3280 probantur
871 3258 1821 3272 ...........................................
1878 3228 2032 3263 152—156
