2340 3840
138 352 216 397 ⁶41]
539 354 603 388 ΕΤ
618 355 930 391 RHETORIBVS
947 356 1175 392 CODICVM
1192 357 1330 392 NEXV
1345 358 1410 391 ET
1427 358 1543 392 FIDE
1884 361 1946 396 141

137 464 296 520 quibus
327 465 708 509 Reifferscheidius
738 467 1005 521 suffragatus
1036 474 1116 520 est,
1150 475 1260 522 quot
1291 469 1444 512 ceteris
1475 470 1697 512 codicibus
1729 471 1945 514 medelam

135 531 368 576 adferunt?
415 533 514 576 Vna
534 533 627 575 sola
647 540 699 576 ut
720 534 829 576 mihi
848 534 1037 587 uidetur,
1059 549 1201 589 neque
1221 535 1329 578 haec
1348 536 1440 578 sine
1461 537 1610 590 aliquo
1629 538 1834 592 scrupulo
1854 552 1947 581 sus-

135 598 223 654 cipi
241 606 404 654 potaet.
457 600 507 643 C.
529 601 584 643 30
601 599 662 655 (p.
681 602 774 654 126,
794 600 835 654 4)
851 602 1083 655 adoranter,
1101 603 1219 656 quod
1240 603 1286 645 in
1308 603 1460 646 ceteris
1482 603 1704 646 codicibus
1724 618 1771 647 se
1792 605 1941 659 habet,

134 665 209 709 uix
230 679 335 710 uera
357 680 449 710 esse
471 667 687 722 scriptura
709 675 872 722 potest,
905 670 1103 712 adornate
1125 676 1276 712 autem
1298 670 1344 712 in
1368 667 1408 711 D
1432 667 1468 712 V
1491 667 1524 712 L
1546 677 1662 713 certe
1686 678 1752 714 est
1776 672 1943 725 melius,

135 733 339 788 quamuis
375 733 639 777 alterutrum
676 735 735 778 sit
770 738 876 787 ἅπαξ
908 736 1179 794 λς’γὸμενον.222
1243 737 1359 789 Quid
1398 737 1452 780 de
1491 751 1526 779 c.
1567 739 1595 779 4
1631 736 1690 791 (p.
1735 739 1828 790 103,
1855 738 1941 792 25),

133 801 238 855 iant,
250 813 470 844 censerem
487 815 620 856 supra
635 802 697 856 (p.
711 802 783 855 83)
801 803 903 845 dixi.
954 803 1003 845 C.
1018 804 1073 845 30
1088 802 1148 857 (p.
1167 805 1259 855 126,
1277 802 1342 855 13)
1356 805 1429 846 sui
1441 805 1497 846 ab
1511 805 1663 846 eodem
1677 805 1853 847 librario
1871 806 1948 859 qui

131 868 391 922 personalem
414 882 496 923 pro
519 870 807 923 proconsulem
823 876 868 912 et
883 876 1017 924 yspeu
1031 882 1112 923 pro
1128 876 1348 924 conspectu
1363 871 1550 924 scripsit,
1573 871 1736 925 quippe
1752 872 1823 914 cui
1840 873 1942 915 Sue-

132 935 229 979 toni
249 935 385 979 uerba
405 949 493 978 non
513 938 608 979 sine
629 950 783 990 magna
804 951 884 978 sua
905 937 1129 978 inuidia2²⁸
1151 938 1270 979 haud
1293 938 1400 979 satis
1421 938 1651 991 perspicua
1674 939 1942 991 uiderentur,

130 1001 445 1056 interpolatum
473 1016 564 1046 esse
590 1010 715 1057 puto.

770 1106 879 1147 IIII.
931 1106 1006 1147 DE
1028 1107 1192 1147 STIRPE
1215 1119 1248 1156 γ

133 1195 171 1237 1.
229 1195 493 1237 annonns
524 1195 700 1237 Sumus
729 1212 759 1246 7
788 1206 1016 1237 PnoriuAn
1055 1207 1372 1237 ExmBEerR.
1432 1197 1567 1237 DVAE
1599 1197 1939 1238 CORRVPTELAE

637 1274 775 1304 nvws
797 1263 973 1305 S‘rmms
993 1263 1154 1305 OPERA
1174 1274 1430 1304 SANANTVR.

214 1338 415 1382 Tertium
435 1338 522 1383 fuit
544 1339 704 1382 codicis
727 1336 764 1382 Y
785 1340 1083 1394 apographon,
1109 1341 1228 1394 quod
1249 1357 1279 1391 7
1302 1340 1494 1382 nomino.
1550 1341 1697 1384 Codex
1729 1357 1758 1391 7
1792 1354 1946 1394 quam-

133 1418 268 1460 quam
288 1405 382 1460 ipse
401 1406 534 1460 periit
555 1407 664 1449 satis
686 1420 965 1450 numerosam
986 1413 1033 1451 et
1055 1407 1263 1450 uitiosam
1292 1407 1468 1461 reliquit
1497 1407 1746 1461 progeniem
1776 1407 1945 1450 codices

133 1473 352 1516 Venetum
363 1470 452 1526 (M)
477 1474 819 1517 Ambrosianum
841 1471 918 1526 (K)
937 1474 1224 1518 Harleianum
1237 1472 1315 1527 (H)
1333 1475 1579 1518 Parisinum
1597 1472 1667 1527 (P)
1685 1475 1945 1519 Vrbinatem

130 1537 203 1593 (U)
226 1539 666 1584 Cheltenhamensem
685 1539 755 1595 (C)
778 1542 1081 1584 Florentinum
1100 1539 1165 1594 (F)
1189 1541 1454 1584 Vaticanum
1475 1543 1584 1584 4498
1606 1540 1672 1595 (Δ)
1696 1542 1945 1584 Berolinen-

133 1621 226 1651 sem
243 1604 323 1660 (Q)
345 1608 777 1662 complectentem.²²⁴
826 1611 880 1651 In
901 1610 984 1652 hac
1004 1609 1140 1662 stirpe
1161 1609 1426 1651 stabilienda
1447 1610 1503 1652 ab
1525 1609 1629 1662 ipsis
1650 1609 1946 1662 inscriptioni-

133 1675 216 1718 bus
235 1675 448 1729 exordiar,
469 1688 583 1730 quae
602 1683 754 1730 aperte
775 1676 1081 1719 demonstrant
1100 1677 1296 1719 libellum
1317 1677 1392 1730 qui
1411 1677 1457 1718 in
1478 1676 1775 1719 Hersfeldensi
1794 1676 1943 1719 codice

133 1741 297 1787 unusffl
333 1742 468 1786 fuerit
518 1756 547 1786 a
597 1743 775 1786 librario
813 1761 843 1795 7
883 1743 1090 1797 bipertite
1132 1744 1419 1786 distributum
1453 1757 1563 1786 esse:
1596 1745 1630 1786 S
1634 1745 1714 1788 VE
1721 1745 1757 1786 T
1757 1744 1837 1787 ΟΝ
1839 1747 1865 1787 Ι
1871 1744 1943 1788 VS

139 1809 584 1864 TRANQVILLVS
604 1812 691 1853 DE
710 1809 1016 1863 GRAMJMA
1030 1811 1211 1854 TICIS.
1266 1812 1477 1853 LIBER.
1531 1811 1796 1853 PRIMVS.
1839 1817 1943 1853 ante

130 1890 233 1921 eam
262 1885 436 1932 partem
467 1891 581 1932 quae
612 1885 680 1921 est
711 1879 765 1921 de
797 1879 1062 1921 rhetoribus:
1094 1879 1128 1920 S
1138 1879 1297 1921 VETO
1308 1879 1353 1920 N
1357 1879 1385 1920 I
1388 1879 1416 1920 I
1453 1879 1572 1920 TRA
1589 1879 1739 1932 NQVI
1745 1879 1812 1920 LI
1859 1879 1945 1920 DE

132 1945 412 1988 RHETORI
415 1945 454 1988 B
465 1943 562 1997 VS]
593 1946 787 1990 LIBER
815 1946 1144 1990 SECVNDVS
1165 1943 1214 1987 M
1264 1945 1384 1988 nulla
1403 1952 1470 1988 est
1493 1945 1719 1998 inscriptio
1737 1952 1816 1987 aut
1844 1945 1945 1987 sub-

133 2011 366 2065 scuptioffl
383 2012 430 2055 in
455 2009 514 2065 K3
545 2014 741 2056 Suetonii
761 2014 981 2068 tranquilli
1001 2014 1050 2055 de
1070 2014 1310 2066 gramaticis
1333 2013 1378 2055 ξφ
1402 2013 1630 2055 rhetoribus
1654 2046 1662 2054 .
1688 2046 1697 2054 .
1722 2046 1730 2054 .
1752 2013 1947 2055 Suetonii

224 2113 263 2135 Ε
277 2112 334 2149 Cf.
357 2117 478 2149 tamen
499 2112 574 2149 Cic.
597 2114 650 2149 De
670 2113 739 2158 Off.
762 2114 781 2149 1
802 2114 839 2149 4:
864 2114 1118 2149 Demosthenem
1147 2142 1154 2148 .
1189 2141 1196 2148 .
1231 2141 1237 2148 .
1259 2114 1374 2156 facere
1392 2113 1542 2156 potuisse
1562 2118 1676 2148 ornate
1695 2112 1946 2156 splendideque.

222 2169 265 2192 ¹²⁸
277 2168 334 2204 Cf.
350 2169 442 2213 Aug.
461 2170 518 2204 14:
539 2180 610 2205 non
623 2174 737 2205 tamen
750 2170 826 2205 sine
840 2170 976 2213 magnis
989 2170 1064 2204 suis
1079 2174 1109 2204 et
1124 2174 1201 2204 ante
1215 2169 1337 2204 bellum
1352 2173 1383 2203 et
1396 2169 1437 2204 in
1452 2169 1534 2203 bello
1547 2169 1804 2203 discriminibus
1809 2180 1818 2211 ;
1842 2169 1944 2211 Vesp.

133 2225 194 2260 22·
215 2235 503 2318 managam
514 2281 608 2318 inter
620 2282 750 2318 codicis
762 2295 787 2323 7
800 2286 948 2326 nepotes
960 2281 1145 2317 habendus
1157 2286 1212 2317 est
1224 2281 1334 2317 codex
1346 2281 1604 2325 Neapolitanus
1616 2281 1679 2316 IV.
1700 2281 1742 2316 B.
1760 2281 1794 2315 4.
1808 2280 1863 2316 bis
1878 2277 1947 2324 (S),

134 2336 197 2380 qui
205 2335 363 2373 libellum
373 2337 542 2382 bipertite
550 2337 706 2374 diuisum
717 2338 839 2382 habet,
851 2343 962 2382 atque
971 2337 1139 2374 lectiones
1148 2337 1254 2373 huius
1263 2337 1384 2381 stirpis
1393 2337 1553 2381 proprias
1564 2337 1636 2372 fere
1646 2347 1768 2372 omnes
1778 2335 1947 2372 ostendit.

133 2393 244 2428 Verae
253 2392 448 2439 scripturae
458 2404 489 2429 c.
505 2392 545 2429 17
559 2393 609 2438 (p.
626 2394 700 2438 114,
713 2393 748 2436 2)
762 2395 961 2438 publicarat,
973 2405 1004 2429 c.
1020 2394 1063 2429 23
1078 2394 1127 2439 (p.
1144 2392 1218 2437 117,
1234 2392 1289 2436 16)
1303 2399 1443 2437 caperet,
1455 2404 1486 2428 c.
1500 2394 1544 2428 26
1558 2393 1607 2437 (p.
1625 2394 1697 2436 123,
1715 2391 1769 2434 13)
1785 2393 1943 2435 atratino,

133 2459 169 2495 in
185 2458 212 2496 s
226 2465 413 2497 reuocatae
426 2465 523 2497 sunt.
570 2461 610 2497 c.
627 2462 666 2496 11
680 2460 731 2506 (p.
746 2462 821 2506 109,
837 2460 891 2504 15)
905 2439 1090 2510 probitum
1104 2461 1141 2496 in
1156 2459 1181 2496 s
1197 2460 1408 2505 scripturam
1422 2461 1650 2504 probabantur
1664 2459 1777 2495 codici
1791 2473 1816 2500 Ὺ
1833 2459 1947 2494 uindi-

133 2526 214 2552 care
221 2515 376 2561 uidetur,
386 2528 605 2561 quamquam
615 2518 802 2561 probantur
811 2518 848 2553 in
859 2518 1023 2553 omnibus
1034 2517 1213 2553 codicibus
1223 2521 1365 2561 praeter
1375 2514 1418 2551 M
1431 2514 1465 2551 K
1476 2514 1512 2551 11
1523 2516 1732 2552 restitutum
1744 2521 1809 2552 est.
1844 2516 1885 2550 C.
1905 2515 1947 2550 14

131 2570 182 2616 (p.
197 2572 272 2617 111,
284 2570 321 2615 6)
332 2574 500 2617 memmio,
514 2578 551 2609 et
562 2585 593 2609 c.
610 2574 654 2608 25
664 2573 714 2618 (p.
731 2574 806 2618 120,
823 2571 876 2616 11)
890 2574 940 2608 ita
952 2574 989 2609 in
1004 2571 1029 2609 S
1041 2573 1216 2617 leguntur.
1249 2573 1290 2608 C.
1305 2571 1347 2607 27
1358 2572 1408 2616 (p.
1426 2573 1500 2616 124,
1517 2569 1548 2614 1)
1562 2572 1619 2607 hic
1631 2572 1742 2622 coder
1755 2582 1836 2607 cum
1849 2569 1892 2605 M
1910 2569 1945 2605 H

133 2639 322 2682 genuinam
333 2640 543 2684 scripturam
555 2641 750 2676 uoltacilius
760 2641 929 2684 ostendit,
942 2646 979 2676 et
989 2653 1018 2676 c.
1032 2641 1073 2675 14
1082 2639 1131 2684 (p.
1144 2641 1218 2684 111,
1231 2640 1283 2682 13)
1294 2640 1470 2684 duplicem
1479 2639 1665 2675 lectionem
1675 2623 1826 2682 criticus,
1837 2649 1946 2682 quam

133 2695 246 2731 codici
257 2693 286 2730 Y
298 2696 356 2732 uel
367 2696 436 2740 ipsi
446 2697 687 2732 Hersfeldensi
696 2696 793 2739 (uide
805 2708 911 2741 supra
922 2708 958 2741 p.
971 2694 1030 2738 97)
1043 2696 1213 2739 attribuo,
1228 2701 1429 2732 conseruat.
1477 2695 1517 2730 C.
1535 2696 1576 2730 14
1586 2694 1636 2739 (p.
1661 2695 1737 2738 111,
1762 2692 1818 2737 10)
1837 2694 1946 2730 etiam

133 2761 176 2786 ex
187 2755 219 2786 te
230 2748 312 2795 piu
323 2751 361 2788 in
374 2765 400 2793 γ
414 2752 471 2788 hic
483 2752 647 2788 librarius
654 2757 787 2796 repente
796 2753 923 2788 effecit.
948 2753 1068 2788 Codex
1078 2751 1104 2787 S
1113 2752 1228 2788 indice
1237 2757 1345 2788 caret.
1379 2752 1468 2787 Vide
1481 2756 1518 2787 et
1531 2751 1624 2786 infra
1636 2763 1672 2795 p.
1690 2751 1752 2786 152
1767 2750 1850 2786 adn.
1866 2751 1943 2786 256.

221 2807 263 2830 ¹¹⁸
274 2808 429 2844 Rothius
439 2807 490 2853 (p.
505 2806 549 2851 L)
563 2809 698 2852 primus
711 2809 971 2844 demonstrauit
984 2820 1095 2844 unum
1109 2820 1181 2844 non
1194 2809 1284 2844 duos
1298 2808 1405 2843 fuisse
1418 2808 1575 2844 libellum
1591 2808 1636 2842 de
1650 2806 1889 2851 grammaticis
1908 2812 1945 2841 et

134 2862 344 2907 rhetoribus,
360 2865 458 2908 quod
473 2864 561 2900 illud
575 2876 703 2909 quoque
717 2865 755 2900 in
769 2865 894 2909 primis
907 2865 1053 2901 alterius
1067 2865 1181 2909 partis
1195 2864 1314 2901 uerbis
1329 2869 1453 2908 aperte
1466 2864 1647 2908 proderet:
1672 2863 1852 2898 Rhetorica
1866 2874 1946 2906 quo-

133 2930 196 2962 que
207 2920 303 2963 apud
315 2931 376 2955 nos
389 2921 529 2963 perinde
542 2925 638 2964 atque
651 2921 880 2964 grammatica.
927 2921 1026 2964 Quae
1039 2921 1158 2964 opinio
1172 2920 1362 2955 Decembri
1375 2919 1578 2955 testimonio
1592 2919 1836 2954 confirmatur:
1859 2919 1944 2953 Sue-

133 2975 222 3010 tonii
229 2976 407 3020 tranquilli
416 2976 457 3011 de
467 2977 696 3020 grammaticis
707 2982 736 3011 et
746 2977 930 3012 rhetoribus
939 2977 1034 3012 liber.
1059 2977 1203 3019 Incipit.

221 3031 260 3054 ²¹¹
272 3031 414 3067 Titulus
435 3032 563 3068 litteris
585 3033 732 3068 cursiuis
754 3038 917 3068 exaratus
939 3033 1002 3076 qui
1022 3033 1113 3068 libro
1135 3032 1347 3076 praemissus
1369 3037 1438 3067 est:
1461 3032 1646 3066 Suetonius
1667 3031 1708 3066 de
1731 3030 1942 3065 Inlustribus

130 3086 369 3122 Grarnmaticis
383 3093 413 3123 et
428 3089 642 3123 Rhetoribus:
667 3089 824 3132 itemque
837 3089 868 3124 is
881 3089 943 3132 qui
959 3089 1102 3132 Diatogo
1116 3089 1276 3124 adiectus
1290 3093 1358 3123 est:
1386 3087 1499 3122 Taciti
1512 3087 1567 3122 uel
1577 3086 1808 3130 Quinctiliani
1825 3086 1944 3121 Dialo-

133 3153 196 3186 ‘us
207 3144 268 3178 An
279 3148 310 3178 et
319 3155 422 3187 quare
432 3156 515 3179 suae
526 3145 645 3180 aetatis
657 3149 800 3180 oratores
812 3145 979 3180 ueteribus
991 3145 1183 3187 concedant,
1198 3156 1221 3179 a
1231 3155 1340 3179 manu
1351 3143 1466 3178 multo
1478 3143 1671 3178 recentiore
1682 3142 1865 3178 coniectus
1875 3146 1942 3184 est,

133 3208 241 3241 quam
260 3199 496 3236 Sabbadinius
511 3200 625 3243 (1903,
644 3212 680 3243 p.
700 3199 778 3242 211)
798 3201 938 3236 exeunti
957 3201 1096 3236 saeculo
1114 3205 1212 3235 sexto
1231 3200 1367 3235 decimo
1386 3199 1553 3242 assignat.
1599 3198 1695 3233 Mihi
1712 3198 1857 3242 quidem
1876 3197 1943 3232 hac

134 3259 254 3290 aetate
264 3256 436 3299 posterior
447 3256 600 3292 uidetur.
