2340 3840
159 364 238 408 5³⁹1
558 363 622 397 ΕΤ
637 363 948 398 RHETORIBVS
964 362 1191 397 CODICVM
1208 362 1347 397 NEXV
1362 362 1426 396 ET
1442 363 1558 396 FIDE
1916 364 1960 398 39

160 476 379 522 numerosi
397 476 532 520 etiam
550 489 667 519 nunc
685 482 853 519 extant.
919 475 1064 518 Vnam
1082 474 1295 517 familiam
1314 475 1435 517 cuius
1455 475 1623 518 codices
1654 473 1693 518 0
1724 484 1769 519 et
1800 473 1851 519 W
1881 475 1962 519 soli

160 550 265 588 sunt
282 543 538 599 superstites
558 540 609 595 X,
627 542 812 586 alteram
829 549 994 584 ceteros
1012 541 1144 583 libros
1163 554 1312 583 omnes
1331 542 1695 595 complectentem
1713 539 1749 585 Y
1766 543 1959 586 nomino.

130 599 134 603 ¹
245 609 440 653 Primum
461 608 667 652 lectiones
690 608 915 662 utriusque
937 607 1128 649 familiae
1151 607 1388 649 columellis
1409 607 1532 649 iuxta
1553 608 1707 660 positis
1730 608 1957 660 exhibebo,

163 676 318 720 deinde
339 675 544 719 lectiones
567 674 847 717 notabiliores
870 674 1123 728 singulatim
1146 673 1363 716 excutiam
1386 674 1468 716 hoc
1491 674 1683 726 consilio,
1707 681 1758 717 ut
1782 674 1960 717 demon·

161 750 296 788 strem
315 742 484 786 codices
504 739 543 784 Ο
563 749 608 784 et
628 738 681 783 W
701 741 853 784 ceteris
873 741 1074 784 omnibus
1094 741 1319 794 oppositos
1338 740 1588 794 saepissime
1608 754 1706 783 eam
1726 741 1959 784 memoriae

163 809 463 854 diuersitatem
487 809 700 860 exhibere,
726 821 838 862 quae
862 821 1104 862 numquam
1128 807 1174 849 in
1197 807 1419 849 communi
1443 821 1593 850 eorum
1617 808 1856 861 archetypo
1879 820 1957 861 per

162 876 424 920 emendandi
441 876 511 918 uel
527 875 819 929 interpolandi
837 875 1034 917 studium
1062 887 1202 928 neque
1219 885 1296 928 per
1313 874 1461 916 librari
1489 874 1806 928 neglegentiam
1825 881 1870 917 et
1888 874 1952 916 in-

162 943 334 987 scitiam
361 943 514 986 exoriri
539 942 747 996 potuerit,
776 942 852 984 sed
879 942 937 984 ad
962 941 1107 995 ipsum
1136 941 1484 985 Hersfeldensem
1512 941 1706 983 codicem
1733 941 1958 983 referenda

161 1011 232 1054 sit.
291 1011 518 1054 Postremo
544 1009 678 1052 trium
705 1009 897 1051 familiae
925 1005 961 1050 Y
987 1008 1191 1062 stirpium
1217 1008 1485 1062 singularum
1527 1008 1735 1050 lectiones
1762 1008 1959 1062 proprias

161 1077 405 1129 ostendam,
421 1083 466 1120 et
482 1076 778 1119 demonstrare
794 1076 984 1118 conabor
1001 1076 1232 1118 memoriae
1249 1075 1550 1117 diuersitatem
1565 1075 1678 1117 inter
1694 1075 1772 1117 has
1788 1075 1958 1128 stirpes,

162 1157 297 1199 quam
315 1156 598 1199 permagnam
618 1156 708 1185 esse
729 1156 816 1185 non
835 1142 1012 1194 infitior,
1033 1142 1124 1185 eius
1144 1142 1262 1184 modi
1282 1156 1373 1184 esse
1394 1149 1444 1184 ut
1464 1155 1552 1184 non
1572 1142 1630 1184 ad
1650 1142 1736 1184 tria
1769 1141 1958 1184 Hersfel-

162 1211 305 1254 densis
325 1210 425 1254 libri
445 1210 697 1264 apographa
712 1209 936 1252 referenda
957 1209 1028 1261 sit,
1044 1209 1120 1251 sed
1142 1210 1200 1251 ad
1216 1209 1300 1251 tria
1322 1209 1574 1263 apographa
1590 1209 1706 1251 unici
1728 1208 1887 1251 codicis
1910 1205 1958 1260 Y,

162 1278 238 1333 qui
253 1278 345 1333 ipse
362 1277 676 1320 Hersfeldensis
694 1277 854 1319 codicis
871 1275 1002 1319 fuerit
1020 1277 1316 1330 apographon.

246 1345 360 1388 Cum
374 1344 488 1387 inter
502 1343 692 1387 familiae
708 1340 744 1385 Y
758 1343 949 1397 singulos
965 1343 1133 1385 codices
1150 1343 1314 1386 multae
1331 1343 1648 1397 discrepantiae
1663 1349 1839 1385 exortae
1854 1342 1958 1393 sint,

161 1425 234 1456 eas
248 1412 293 1454 in
306 1411 534 1455 columella
547 1424 574 1454 a
588 1411 740 1453 dextra
753 1410 898 1464 posita
911 1417 1114 1452 accurate
1128 1410 1333 1462 indicaui,
1349 1410 1425 1452 sed
1438 1410 1502 1452 ita
1516 1416 1567 1452 ut
1582 1410 1621 1452 ei
1633 1409 1810 1452 lectioni
1825 1422 1958 1463 quam

162 1479 207 1522 in
232 1479 328 1533 ipso
351 1475 388 1521 Y
411 1478 543 1520 fuisse
567 1478 712 1520 iudico
735 1477 927 1531 primum
951 1477 1096 1519 locum
1120 1489 1290 1531 semper
1314 1477 1606 1520 attribuerim.
1676 1477 1778 1519 Non
1803 1484 1954 1519 tamen

161 1559 233 1590 eas
262 1545 574 1600 discrepantias
617 1558 728 1598 quae
758 1545 815 1587 ad
854 1544 1212 1598 orthographiam
1241 1544 1463 1598 pertinent
1502 1557 1643 1598 neque
1673 1544 1814 1586 uicem
1844 1544 1960 1586 inter

160 1613 330 1656 litteras
347 1612 607 1656 maiusculas
625 1619 669 1654 et
688 1611 951 1653 minusculas
969 1611 1160 1654 indicare
1177 1623 1348 1665 semper
1365 1611 1509 1653 uisum
1526 1619 1605 1654 est.
1665 1610 1841 1653 Vsitata
1858 1610 1959 1652 scri-

158 1679 294 1723 bendi
307 1679 566 1734 compendia
581 1679 743 1733 ubique
758 1678 928 1721 resolui.
960 1679 1306 1732 Nonnumquam
1322 1678 1372 1720 fit
1389 1685 1441 1720 ut
1455 1692 1568 1720 unus
1583 1684 1627 1720 et
1643 1678 1754 1720 alter
1768 1677 1959 1720 familiae

160 1743 196 1790 Y
223 1747 373 1799 codex,
402 1747 588 1789 fortuito
616 1753 666 1788 ut
696 1759 862 1797 censeo,
893 1759 993 1788 cum
1022 1746 1189 1788 familia
1219 1743 1255 1787 X
1285 1746 1518 1799 conspiret.
1577 1745 1659 1786 His
1697 1745 1802 1787 locis
1832 1744 1958 1787 fami·

156 1814 241 1857 liae
265 1810 301 1856 Y
324 1813 519 1858 codicem
551 1812 638 1865 (uel
670 1812 856 1864 codices)
890 1826 990 1854 cum
1013 1810 1048 1854 X
1070 1813 1303 1855 facientem
1327 1813 1372 1854 in
1392 1812 1567 1855 sinistra
1591 1812 1819 1854 columella
1840 1811 1960 1853 uncis

157 1880 374 1924 inclusum
392 1881 596 1923 indicaui.

241 1948 322 1990 His
340 1947 475 2002 igitur
492 1947 538 1990 in
556 1947 661 1989 locis
681 1946 848 1989 familia
870 1944 905 1988 Χ
925 1947 1134 2000 genuinas
1153 1947 1361 1989 lectiones
1380 1946 1574 2000 proferre
1595 1946 1703 1988 mihi
1723 1946 1898 1988 uidetur
1907 1947 1932 1987 1¹

479 2033 516 2079 X
543 2033 601 2088 (0
623 2033 690 2088 W)
1331 2033 1366 2078 Y
1393 2035 1530 2087 (ceteri
1550 2034 1706 2086 omnes)

153 2118 189 2147 c.
203 2105 242 2156 2,
281 2118 325 2158 p.
350 2105 442 2155 100,
467 2105 517 2146 18
575 2101 912 2153 ualetudinis(in
923 2103 1029 2144 uali-
1095 2103 1348 2145 ualitudinis

575 2170 739 2212 tudinis
770 2175 871 2211 mut.
906 2171 990 2211 m.2

575 2234 648 2288 W)
669 2234 792 2288 (=V)

279 2318 324 2359 p.
350 2306 443 2356 101,
468 2306 517 2346 12
576 2317 790 2358 generque
811 2303 910 2345 aelii
930 2301 982 2345 W
1083 2318 1212 2357 gener
1234 2305 1297 2356 .Q.
1321 2304 1431 2346 Aelii
1449 2303 1537 2355 (uel
1558 2303 1658 2354 Elii)

576 2385 791 2425 generque
808 2370 879 2412 elii
896 2367 934 2412 Ο
950 2370 965 2422 (
975 2387 1011 2402 =

152 2519 189 2548 c.
203 2507 244 2558 4,
285 2519 329 2560 p.
355 2506 447 2558 103,
469 2506 523 2548 20
574 2435 711 2548 {111qu
731 2505 807 2547 sed
1089 2505 1240 2547 titulos
1261 2505 1337 2547 sed
1355 2522 1386 2546 ω
1426 2505 1566 2547 titulis
1587 2506 1662 2547 sed
1682 2509 1715 2545 Δ

264 2568 267 2571 .
573 2580 686 2634 (=D
716 2566 847 2627 titul&
871 2583 947 2625 sed
969 2580 1023 2634 G)
1615 2621 1617 2623 ,

281 2665 325 2705 p.
350 2651 442 2703 104,
493 2653 516 2692 2
575 2650 889 2693 adlocutiones²
1085 2651 1367 2693 allocutiones
1394 2667 1425 2692 ω
1481 2650 1801 2704 alloquutiones
1831 2646 1874 2691 H
1908 2647 1947 2699 Q

1085 2718 1376 2771 alloqutiones
1411 2714 1432 2759 1
1469 2714 1509 2759 K
1578 2717 1884 2770 aloquutiones
1922 2713 1955 2757 B

1089 2785 1353 2827 elocutiones
1374 2781 1412 2826 U

156 2852 332 2905 c.10,p.
357 2852 450 2903 108,
474 2852 525 2893 14
582 2852 874 2905 adsumpsisse
1093 2852 1376 2905 assumpsisse

157 2931 180 2961 c
211 2919 230 2960 1

184 2950 194 2960 .
239 2919 332 2972 1,p.
357 2919 449 2970 109,
499 2919 523 2960 5
583 2920 630 2960 Ρ.
658 2918 854 2960 Valerius
877 2917 1034 2969 (=Pu-
1093 2919 1288 2961 Valerius
1307 2917 1524 2969 (Vulerius
1548 2915 1605 2969 H)

580 2985 692 3027 blius
726 2985 927 3028 uallerius
968 2982 1016 3036 B)

245 3085 257 3107 ¹
270 3083 483 3127 Pagimrum
494 3089 531 3120 et
542 3095 708 3119 uersuum
720 3083 857 3119 numeri
868 3084 916 3119 ad
927 3083 1119 3120 editionem
1131 3084 1502 3119 Reifferscheidianam
1514 3083 1718 3127 respiciunt.
1774 3083 1960 3119 Lectiones

157 3138 350 3183 peculiares
358 3150 448 3183 quas
460 3137 490 3174 X
501 3150 581 3175 cum
592 3137 627 3174 N
638 3145 676 3175 et
686 3140 840 3175 secunda
851 3151 959 3175 manu
970 3139 1007 3175 in
1019 3137 1052 3174 G
1064 3151 1267 3175 communes
1277 3140 1388 3175 habet
1397 3139 1489 3175 infra
1499 3151 1535 3183 p.
1547 3138 1590 3174 87
1601 3150 1654 3183 sq.
1666 3138 1828 3183 reperies

246 3196 261 3218 ¹
271 3194 352 3231 Alia
362 3194 510 3231 fortasse
521 3200 576 3231 ost
586 3195 747 3239 quaestio
758 3206 844 3231 num
856 3195 945 3231 tales
956 3195 1090 3231 formae
1099 3196 1358 3240 praepositione
1368 3195 1500 3231 sincere
1510 3195 1642 3239 scripta
1650 3194 1687 3230 in
1695 3194 1867 3230 editiones
1875 3205 1965 3229 sem-

158 3261 222 3295 per
232 3250 453 3287 adhibendae
464 3251 548 3295 sint,
560 3262 650 3295 quas
662 3256 782 3287 tamen
795 3251 887 3286 inter
899 3251 1010 3287 bonas
1022 3252 1189 3287 lectiones
1201 3252 1358 3294 exhibeo,
1371 3262 1453 3286 cum
1465 3262 1671 3295 persuasum
1683 3250 1835 3285 habeam
1848 3261 1909 3285 eas
1921 3260 1963 3285 ex

157 3306 236 3351 ipso
249 3306 487 3342 Hersfeldensi
499 3307 536 3342 in
550 3307 686 3342 codices
701 3305 734 3342 Ο
750 3312 787 3342 et
802 3305 846 3342 W
861 3307 1069 3342 manauisse.
1115 3307 1204 3342 Vide
1217 3307 1309 3342 infra
1322 3319 1358 3351 p.
1373 3308 1419 3342 66
1433 3318 1486 3351 sq.
