2340 3840
434 368 478 403 ⁹0
763 366 832 401 DE
849 366 1142 402 FRAGMENTI
1156 367 1451 403 SVETONIANI
1467 368 1534 402 DE
1551 368 1896 404 GRAMMATICIS
2141 369 2221 413 13⁹0

438 479 495 520 ad
514 478 621 519 duas
639 491 704 519 res
724 478 1081 520 demonstrandas
1099 479 1282 531 profert:
1302 479 1476 521 Senium
1494 480 1697 521 libertum
1716 493 1766 522 ac
1786 480 1946 534 duplici
1964 481 2216 535 cognomine

437 544 580 586 fuisse.

521 611 571 653 C.
585 610 627 662 4,
641 623 685 664 p.
703 611 796 663 104,
815 611 834 652 1
852 611 1166 653 meditationum
1181 618 1231 653 ut
1244 611 1474 653 lectionem
1499 612 1779 654 difficiliorem
1804 603 1903 654 cum
1928 613 2070 656 Rolfio
2092 613 2217 657 edere

438 677 555 719 haud
584 676 813 727 dubitabo;
844 677 960 730 quod
988 677 1122 719 etiam
1148 677 1353 730 probauit
1382 678 1561 719 Ihmius.
1620 679 1716 730 Quo
1745 679 1875 721 modo
1903 679 2217 723 meditationum

438 742 619 785 uerbum
641 743 902 785 reconditius
926 749 969 785 et
992 743 1242 785 inusitatius
1264 750 1308 785 et
1330 757 1503 796 perraro
1526 757 1705 786 numero
1726 745 1882 797 plurali
1903 745 2151 788 adhibitum
2171 745 2216 788 in

438 809 604 851 codices
621 809 812 862 inrepere
829 810 1022 862 potuerit
1040 810 1112 851 uix
1130 810 1326 863 explices,
1352 811 1427 852 sed
1451 811 1487 851 si
1503 812 1816 852 institutionum
1832 822 1912 864 pro
1928 811 2083 864 glossa,
2101 824 2214 866 quae

436 876 523 917 iam
538 875 582 917 in
597 876 742 917 codice
758 876 1049 918 Hersfeldensi
1064 882 1291 929 tamquam
1305 876 1434 918 lectio
1448 877 1620 918 uarians
1636 877 1814 929 ualeret,
1829 877 1985 930 capies,
2000 877 2146 920 omnia
2159 878 2216 920 ad

436 941 649 995 liquidum
664 942 968 994 perducentur.
1014 943 1204 984 Verbum
1221 944 1430 984 meditatio
1447 943 1651 995 singulari
1668 957 1847 985 numero
1863 943 1978 985 idem
1993 944 2081 986 fere
2099 944 2216 998 quod

434 1009 679 1059 exercitatio,
707 1010 984 1062 praeparatio,
1010 1009 1179 1061 saepius
1206 1016 1456 1061 usurpatur;
1482 1010 1639 1061 plurali
1661 1023 1839 1051 numero
1859 1016 2118 1062 usurpatum
2135 1010 2217 1052 hoc

436 1075 526 1116 solo
547 1075 642 1116 loco
662 1075 718 1116 ab
741 1075 883 1116 Ihmio
903 1075 1074 1128 prolato
1096 1076 1215 1126 noui;
1239 1076 1314 1128 qui
1336 1082 1483 1117 tamen
1504 1076 1622 1117 locus
1644 1076 1701 1117 ad
1723 1089 1870 1117 omnes
1891 1076 2114 1129 scrupulos
2134 1076 2216 1119 tol-

436 1141 584 1182 lendos
606 1141 711 1183 satis
734 1155 824 1183 esse
846 1142 988 1183 debet.
1043 1142 1150 1184 Gell.
1174 1143 1264 1183 XX
1286 1143 1325 1193 5,
1353 1143 1439 1183 1-2:
1463 1135 1924 1184 “Commentationum
1954 1155 2132 1184 suarum
2150 1155 2217 1185 ar-

437 1207 646 1260 tiumque,
669 1220 776 1260 quas
797 1207 1014 1260 discipulis
1035 1209 1252 1259 tradebat,
1273 1209 1524 1250 Aristoteles
1543 1209 1837 1261 philosophus,
1859 1208 1967 1262 regis
1986 1209 2217 1251 Alexandri

439 1274 654 1327 magister,
693 1274 800 1315 duas
837 1275 997 1326 species
1034 1275 1233 1316 habuisse
1271 1275 1441 1316 dicitur.
1508 1275 1604 1316 Alia
1640 1282 1777 1326 erant,
1816 1288 1926 1327 quae
1962 1274 2216 1317 nominabat

437 1334 678 1391 ‘iim-reputa’,
723 1341 822 1391 alia,
867 1354 977 1393 quae
1020 1341 1268 1393 appellabat
1313 1335 1564 1390 ’ἀκροατικά’.
1648 1335 1906 1390 ιἘξωτερικιΡ
1946 1341 2214 1393 dicebantur,

438 1419 548 1458 quae
586 1407 643 1448 ad
681 1407 914 1448 rhetoricas
952 1408 1235 1448 meditationes
1272 1407 1612 1460 facultatemque
1642 1407 1909 1461 argutiarum
1941 1407 2216 1461 ciuiliumque

436 1486 577 1514 rerum
597 1473 800 1514 notitiam
821 1473 1122 1515 conducebant
1143 1505 1153 1515 .
1177 1505 1186 1515 .
1213 1507 1221 1516 .
1241 1475 1266 1494 ''
1327 1474 1486 1515 Confer
1501 1474 1634 1515 etiam
1649 1474 1798 1526 Quint.
1822 1475 1869 1514 II
1902 1475 1967 1525 10,
1998 1475 2038 1524 2,
2065 1473 2140 1526 qui
2169 1480 2215 1515 et

438 1539 527 1592 ipse
547 1540 599 1580 de
618 1539 863 1592 eloquentia
881 1540 1110 1582 formanda
1127 1541 1337 1593 loquitur:
1375 1534 1559 1592 “Neque
1577 1540 1691 1581 enim
1712 1541 1850 1582 uirtus
1870 1540 1958 1582 ulla
1982 1546 2216 1593 perpetuae

437 1606 652 1647 duntaxat
668 1606 874 1646 orationis
889 1606 1063 1659 reperiri
1076 1613 1236 1659 potest,
1254 1620 1364 1659 quae
1383 1621 1469 1647 non
1485 1607 1541 1648 sit
1558 1620 1656 1647 cum
1671 1607 1751 1647 hac
1769 1607 1938 1648 dicendi
1956 1606 2217 1648 meditatione

433 1672 716 1713 communis.''

519 1739 566 1779 C.
599 1739 654 1778 24
679 1738 738 1790 (p.
772 1739 864 1789 119,
897 1737 935 1789 1)
964 1739 1192 1781 lectionem
1221 1740 1445 1792 uulgatam
1472 1740 1756 1792 grammatices
1785 1739 2011 1780 damnauit
2040 1737 2218 1781 Reiffer-

430 1804 642 1845 scheidius
675 1804 733 1857 (p.
770 1803 883 1855 417),
914 1812 1028 1847 recte
1063 1806 1180 1858 quod
1209 1806 1397 1847 iudicare
1431 1806 1606 1858 possim,
1637 1805 1889 1858 censuitque
1927 1805 2217 1859 grammaticae

432 1871 617 1923 recipere
629 1878 839 1923 oportere,
852 1871 1022 1912 etiamsi
1033 1872 1151 1913 nulla
1161 1872 1369 1913 librorum
1382 1872 1643 1914 auctoritate
1655 1872 1993 1922 confirmaretur,
2005 1883 2105 1912 cum
2116 1871 2215 1913 Sue—

434 1937 579 1978 tonius
594 1938 734 1979 forma
753 1938 1015 1979 Graecanica
1029 1940 1314 1991 grammatices
1329 1942 1416 1979 non
1433 1952 1534 1979 usus
1549 1939 1632 1988 sit.v
1667 1938 1837 1979 Codicis
1853 1935 1906 1979 W
1921 1937 2219 1979 testimonium

432 2005 701 2055 grammatica
718 2015 763 2045 ¹es
785 2004 1001 2056 duplicem
1021 2005 1250 2046 lectionem
1270 2005 1315 2046 in
1337 2004 1629 2046 Hersfeldensi
1649 2004 1805 2057 arguit,
1828 2015 2095 2057 quamquam
2114 2003 2219 2056 quid

433 2070 532 2110 inde
556 2070 826 2111 efficiendum
850 2070 920 2121 sit,
946 2071 1064 2112 haud
1087 2071 1193 2113 satis
1217 2078 1404 2113 constat.
1458 2073 1658 2112 Fortasse
1680 2071 1965 2123 grammatices
1988 2070 2044 2111 ab
2067 2070 2219 2112 eodem

432 2136 743 2188 interpolatum
765 2144 843 2186 est,
869 2137 956 2189 qui,
979 2138 1061 2178 nisi
1081 2138 1219 2188 fallor,
1237 2151 1272 2179 c.
1300 2138 1349 2179 18
1370 2136 1429 2190 (p.
1456 2138 1548 2188 114,
1571 2135 1611 2187 5)
1635 2137 1820 2178 formam
1844 2137 2054 2178 Graecam
2075 2137 2219 2178 mimo·

434 2204 611 2254 graphas
631 2203 902 2244 introducere
923 2204 1075 2245 uoluit.
1079 2202 1132 2229 ¹⁷⁵
1811 2219 1814 2222 '

517 2270 569 2309 In
590 2282 684 2321 cap.
709 2270 760 2311 28
780 2268 838 2321 (p.
865 2270 957 2320 124,
983 2268 1048 2320 16)
1068 2270 1455 2321 Reifferscheidius,
1473 2282 1739 2322 quamquam
1760 2269 1906 2321 inique
1926 2269 1971 2309 in
1991 2268 2158 2310 codices
2179 2265 2218 2309 Ο

433 2343 477 2375 et
493 2331 532 2375 N
548 2346 715 2387 semper
729 2336 965 2387 iudicabat,
981 2350 1067 2377 non
1083 2337 1305 2378 dubitauit
1319 2350 1468 2377 eorum
1483 2335 1732 2377 testimonia
1746 2342 1897 2377 contra
1911 2341 2074 2376 ceteros
2088 2334 2219 2376 libros

431 2402 625 2453 accipere
643 2408 777 2454 atque
794 2415 931 2454 parua
950 2403 1251 2444 emendatione
1269 2403 1325 2444 ab
1345 2403 1394 2444 O.
1416 2403 1570 2443 Iahnio
1588 2402 1811 2454 proposita
1829 2409 2008 2453 accepta
2025 2401 2219 2442 cornibus

432 2469 589 2508 taureis
604 2468 753 2509 edidit.
797 2469 841 2510 N
843 2482 925 2509 unc
940 2469 1097 2509 codicis
1113 2466 1165 2509 W
1179 2469 1441 2519 testimonio,
1457 2470 1648 2510 cornibus
1673 2469 1805 2511 aurio,
1831 2468 2042 2518 adhibito,
2069 2479 2219 2519 quam-

434 2546 568 2585 quam
581 2546 660 2586 pro
676 2541 794 2576 certo
809 2535 945 2576 statui
959 2542 1105 2587 potest
1120 2535 1226 2576 illud
1242 2537 1381 2576 aureis
1398 2535 1465 2576 uel
1481 2536 1653 2576 auribus
1669 2535 1858 2586 aliquem
1871 2534 2014 2575 locum
2028 2533 2073 2574 in
2089 2533 2218 2574 Hers-

433 2599 614 2640 feldensi
633 2600 883 2652 obtinuisse,
904 2601 1022 2642 haud
1040 2601 1128 2642 scio
1147 2614 1203 2642 an
1223 2615 1288 2642 res
1308 2602 1440 2642 etiam
1459 2601 1678 2642 obscurior
1697 2600 1920 2641 efficiatur.
1969 2600 2058 2642 Aut
2077 2599 2215 2641 aureis

432 2667 477 2706 in
498 2666 810 2708 Hersfeldensis
830 2667 988 2708 codicis
1009 2674 1131 2709 textu
1149 2668 1293 2708 locum
1312 2668 1517 2717 habebat,
1538 2674 1582 2708 et
1602 2666 1976 2708 Reifferscheidius
1995 2671 2110 2708 recte
2129 2664 2217 2706 edi-

434 2732 514 2783 dit,
537 2745 639 2773 nam
660 2734 873 2789 aptiorem
895 2733 1241 2775 emendationem
1270 2733 1342 2775 uix
1373 2734 1571 2786 reperias,
1594 2739 1672 2774 aut
1694 2730 1747 2773 W
1768 2745 1916 2774 ueram
1937 2731 2217 2773 traditionem

432 2799 612 2850 praebet
629 2805 671 2840 et
689 2801 860 2841 auribus
877 2807 926 2841 ut
942 2799 1070 2841 lectio
1087 2800 1258 2840 uarians
1274 2811 1353 2852 pro
1368 2801 1559 2841 cornibus
1575 2799 1784 2852 capienda
1800 2805 1879 2848 est,
1906 2811 2016 2850 quae
2031 2798 2077 2839 in
2091 2797 2216 2838 fami-

399 2887 401 2889 >
432 2865 514 2906 liae
545 2862 579 2905 X
610 2872 777 2906 textum
807 2866 1000 2918 inrepsit.
1050 2867 1151 2907 Non
1181 2866 1352 2907 infiteor
1381 2866 1574 2907 cornibus
1603 2866 1758 2906 taureis
1787 2877 1965 2917 magnas
1994 2863 2214 2905 illecebras

432 2930 729 2972 ostendere.¹⁷⁶

461 3051 465 3055 β
516 2997 564 3038 C.
586 2998 635 3038 25
654 2996 712 3049 (p.
737 2999 828 3048 122,
853 3000 901 3038 19
921 2997 999 3050 sq.)
1023 2996 1059 3038 Ο
1081 2996 1132 3038 W
1152 2999 1283 3039 uerba
1301 2998 1446 3038 omnia
1464 2999 1662 3039 educeret.
1683 3031 1690 3038 .
1710 3030 1717 3038 .
1756 2998 1988 3037 uerebatur.
2007 3029 2016 3037 .
2034 3029 2043 3036 .
2080 2996 2214 3048 impo-

429 3065 532 3103 suit.
552 3096 560 3104 .
579 3095 588 3104 .
627 3064 775 3104 celauit
797 3078 974 3105 numero
997 3064 1199 3117 singulari
1219 3065 1457 3116 proferunt.
1508 3061 1548 3104 N
1569 3065 1782 3104 educerent
1803 3076 1903 3103 cum
1923 3061 2075 3103 ceteris
2095 3060 2214 3102 libris

517 3161 562 3182 ²⁷⁵
574 3161 662 3195 Vide
676 3172 781 3203 supra
795 3173 830 3204 p.
847 3162 901 3196 82.

518 3216 564 3238 ¹⁷⁸
577 3216 664 3250 Vide
679 3220 716 3250 et
730 3216 820 3250 infra
835 3228 869 3259 p.
889 3217 962 3250 115.
