2340 3840
404 327 468 361 130
729 326 797 360 DE
814 326 1105 360 FRAGMENTI
1122 326 1416 361 SVETONIANI
1433 326 1500 360 DE
1517 326 1862 361 GRAMMATICIS
2112 327 2189 369 [630

404 437 566 479 tionem
583 435 782 478 exhibere
801 435 908 477 mihi
924 435 1141 478 uidentur.
1193 436 1346 488 Neque
1364 442 1670 488 argumentum
1687 449 1710 477 e
1729 437 1795 477 M.
1815 436 2018 478 Melissus
2035 448 2115 491 pro
2133 438 2170 481 C
2173 469 2183 480 .

404 503 606 545 Melissus
624 502 669 544 in
687 502 827 543 indice
843 500 903 555 (p.
923 503 991 553 98,
1014 500 1078 553 19)
1100 501 1255 544 deduci
1271 508 1431 555 potest,
1452 515 1551 543 cum
1568 501 1614 543 in
1633 498 1672 542 D
1690 501 1819 544 index
1837 502 2024 545 deficiat.
2073 504 2187 546 Sunt

403 575 551 611 tamen
577 569 808 610 nonnullae
833 568 944 610 aliae
969 568 1174 610 lectiones
1201 580 1312 621 quae
1338 567 1526 609 indicare
1553 568 1756 611 uidentur
1781 568 1967 610 alterum
1993 569 2186 612 codicem

402 635 515 677 inter
537 632 572 676 V
595 631 627 676 L
648 641 694 677 et
719 639 746 676 λ
771 634 1022 688 ponendum
1044 647 1148 676 esse.
1205 635 1325 686 Quae
1347 634 1435 676 fere
1457 641 1578 676 sunt:
1601 647 1637 676 c.
1661 635 1686 676 3
1707 632 1767 687 (p.
1795 635 1887 687 102,
1909 633 1950 686 9)
1977 636 2128 678 Preeia
2149 632 2186 678 V

400 700 462 753 (=
475 698 514 743 G
529 698 550 742 I
567 698 616 752 C)
631 693 726 759 W
745 698 777 742 L
791 699 853 752 (=
864 697 919 752 K)
935 711 1015 754 pro
1030 701 1181 754 pretia3
1198 713 1234 742 c.
1251 702 1279 742 4
1292 699 1352 753 (p.
1369 702 1460 752 103,
1472 697 1511 751 8)
1529 701 1742 753 diligenter
1757 701 1918 754 aliquid
1931 712 2011 754 pro
2027 701 2186 756 aliquid

401 767 628 820 diligenter,
640 767 760 809 cuius
777 767 929 809 erroris
947 767 1153 820 originem
1170 777 1301 820 supra
1314 767 1375 820 (p.
1391 766 1485 818 128)
1501 766 1628 808 docui
1634 781 1644 818 ;
1662 779 1699 808 c.
1714 765 1736 808 7
1752 764 1812 820 (p.
1833 768 1924 819 105,
1941 765 2004 820 14)
2015 767 2186 821 Scytha-

404 834 683 885 bachionis;¹⁵⁸
699 846 735 875 c.
755 835 779 875 8
795 831 854 886 (p.
876 834 968 885 106,
989 831 1054 884 16)
1073 833 1248 885 autoris;
1275 845 1311 875 c.
1334 834 1380 874 11
1398 831 1510 884 (109,
1530 830 1569 884 2)
1588 833 1772 885 aut0r;¹⁵⁹
1798 846 1834 875 c.
1857 834 1903 875 11
1921 831 1981 886 (p.
2003 835 2094 886 110,
2115 831 2183 886 15)

403 900 570 942 crateris
590 897 625 942 V
640 897 766 951 (=M
787 896 827 941 K
847 897 884 942 U
907 897 962 951 Q)
999 900 1145 941 crateri
1164 896 1213 951 L;
1232 913 1269 941 c.
1293 900 1343 941 14
1359 897 1419 952 (p.
1443 900 1534 951 111,
1558 897 1622 950 18)
1644 899 1930 951 mollicium,¹⁶⁰
1945 897 2006 953 (p.
2030 901 2122 952 111,
2140 897 2184 952 9)

407 964 783 1017 Dolabellam161(=
809 984 835 1009 α
850 963 925 1017 Κ);
942 978 978 1008 c.
999 965 1047 1008 17
1062 964 1122 1019 (p.
1143 966 1234 1017 113,
1255 963 1319 1016 18)
1337 966 1521 1007 sestertia
1547 963 1609 1016 (=
1620 961 1661 1006 N
1678 962 1805 1007 Gm.2
1823 962 1881 1016 Η)
1897 978 1978 1019 pro
1991 967 2181 1009 sextertia

403 1032 449 1075 in
464 1031 630 1085 ceteris,
645 1031 706 1086 (p.
726 1033 818 1084 115,
838 1030 901 1084 19)
919 1033 1199 1074 condicionem
1213 1029 1361 1083 (=K);
1378 1045 1414 1073 c.
1431 1033 1482 1074 25
1498 1030 1558 1084 (p.
1579 1033 1670 1083 120,
1687 1029 1726 1082 3)
1746 1033 1836 1075 .Gn.
1851 1028 1968 1083 (=H
1988 1029 2058 1084 Q).
2103 1033 2187 1076 Sed

404 1098 510 1141 haec
530 1099 725 1152 exempla
745 1099 980 1140 maximam
998 1105 1169 1152 partem
1188 1098 1246 1140 ad
1265 1097 1620 1151 orthographiam
1638 1097 1873 1151 pertinent,
1894 1104 1939 1140 et
1959 1098 2187 1142 uehemen-

405 1172 471 1208 ter
492 1164 647 1207 dubito
667 1177 725 1207 an
746 1164 978 1218 quisquam
999 1164 1052 1207 de
1074 1164 1155 1206 hac
1176 1177 1220 1206 re
1241 1164 1299 1206 ad
1320 1171 1487 1206 certum
1507 1163 1715 1205 iudicium
1736 1163 1897 1206 ueniat.
1949 1164 2103 1219 Neque
2122 1163 2186 1207 in-

404 1231 520 1274 fitior
549 1231 756 1284 temporis
785 1231 999 1273 rationem
1029 1237 1122 1273 tam
1151 1231 1312 1272 multos
1341 1230 1508 1272 codices
1537 1230 1650 1272 inter
1680 1230 1868 1272 Pontani
1896 1230 2114 1285 exemplar
2141 1237 2186 1274 et

405 1297 752 1339 Hersfeldensem
771 1297 963 1339 codicem
981 1297 1243 1339 intercedere
1263 1309 1418 1350 negare
1437 1296 1587 1338 uideri.
1637 1297 1750 1338 Cum
1770 1296 2052 1339 Decembrius
2071 1297 2187 1340 codi-

404 1377 499 1406 cem
526 1363 873 1406 Hersfeldensem
898 1375 938 1405 a.
970 1364 1073 1405 1455
1102 1364 1268 1405 Romae
1295 1363 1420 1414 uidit,
1451 1363 1646 1416 Agricola
1672 1363 1867 1405 nondum
1893 1362 2051 1405 recisus
2077 1369 2184 1416 erat,

405 1430 523 1483 quod
546 1430 841 1471 demonstrare
863 1429 1037 1471 uidetur
1059 1429 1146 1471 duo
1167 1429 1418 1483 apographa
1443 1426 1478 1470 X
1500 1435 1545 1471 et
1567 1426 1602 1470 Y
1622 1435 1776 1482 postea
1797 1429 2060 1483 transcripta
2079 1442 2184 1482 aese,
2213 1463 2220 1479 .

405 1509 504 1538 cum
528 1497 735 1550 Agricola,
762 1496 880 1549 quod
903 1495 1093 1537 iudicare
1117 1495 1345 1548 possimus,
1371 1495 1416 1536 in
1440 1500 1595 1537 neutro
1618 1495 1762 1537 locum
1791 1495 2021 1538 obtineret.
2075 1496 2187 1539 Pon-

404 1568 534 1604 tanus
554 1569 703 1604 autem
721 1562 881 1604 librum
900 1575 1028 1603 suum
1047 1574 1162 1603 anno
1185 1563 1290 1603 1460
1310 1561 1547 1614 exscripsit.
1598 1561 1718 1613 Quae
1740 1574 1840 1603 cum
1861 1561 1925 1604 ita
1946 1562 2048 1614 sint,
2068 1561 2187 1605 haud

403 1628 491 1670 scio
514 1641 571 1670 an
594 1634 754 1670 temere
777 1635 871 1670 tam
894 1629 1054 1670 multos
1076 1629 1207 1670 libros
1229 1640 1305 1681 per
1328 1628 1406 1669 hos
1430 1627 1620 1681 quinque
1642 1640 1779 1669 annos
1801 1627 1984 1682 scriptos
2007 1641 2112 1681 esse,
2135 1634 2186 1671 ut

405 1696 592 1738 Pontani
606 1696 740 1737 codex
754 1709 841 1737 non
856 1703 1013 1749 quarto
1027 1697 1102 1737 sed
1117 1696 1270 1748 quinto
1281 1696 1415 1737 etiam
1428 1696 1564 1749 gradu
1576 1710 1626 1737 ex
1638 1695 1929 1737 Hersfeldensi
1938 1694 2184 1749 proflueret,

403 1769 663 1804 statuamus.
714 1763 871 1804 Tutius
893 1763 1023 1815 igitur
1046 1762 1187 1803 uisum
1208 1769 1273 1804 est
1295 1762 1461 1803 codices
1483 1759 1518 1802 V
1539 1758 1571 1802 L
1592 1769 1635 1803 et
1657 1762 1816 1803 codicis
1838 1759 1877 1802 D
1898 1762 2186 1814 archetypum

404 1835 454 1869 ut
474 1829 613 1881 primo
634 1829 771 1881 gradu
792 1842 814 1870 e
834 1829 980 1870 codice
998 1832 1025 1870 λ
1046 1834 1298 1870 emanantes
1316 1829 1360 1869 in
1381 1833 1612 1870 stemmate
1630 1828 1832 1869 indicare.

488 1894 634 1936 Codex
653 1893 891 1936 Vaticanus
907 1895 1023 1936 ’1862
1050 1893 1214 1947 insigne
1239 1893 1363 1934 nobis
1389 1894 1579 1936 ostendit
1602 1894 1845 1947 exemplum
1864 1892 1984 1935 studi
2008 1900 2052 1937 et
2076 1893 2185 1948 peri-

403 1960 489 2001 tiae
499 1959 646 2002 librari
656 1960 835 2001 alicuius
847 1960 922 2013 qui
935 1960 1340 2013 interpolationibus
1356 1959 1532 2001 omnino
1547 1959 1616 2001 uel
1630 1960 1718 2001 fere
1732 1958 1953 2002 abstinens
1968 1961 2185 2014 exemplar

401 2041 527 2068 suum
553 2028 864 2080 religiosissime
890 2028 1111 2081 exscripsit
1137 2034 1180 2068 et
1206 2028 1277 2068 uix
1302 2041 1438 2068 unum
1464 2027 1639 2080 quidem
1664 2040 1848 2068 errorem
1872 2027 2062 2069 admisit.
2116 2027 2184 2069 Ne

401 2107 536 2134 unum
556 2094 729 2146 quidem
748 2095 929 2135 uerbum
948 2095 1167 2144 omissum,
1187 2094 1269 2135 nisi
1287 2107 1337 2135 ea
1356 2107 1466 2146 quae
1484 2094 1528 2134 in
1547 2094 1637 2134 eius
1655 2093 1891 2146 archetypo
1910 2093 2182 2144 deficiebant,

399 2160 445 2200 in
478 2160 558 2201 hoc
589 2160 734 2201 codice
766 2161 972 2211 inuenies,
1005 2167 1049 2202 et
1081 2160 1199 2201 uitiis
1230 2160 1296 2200 sui
1327 2160 1460 2212 ipsius
1491 2159 1673 2212 propriis
1701 2160 1810 2201 adeo
1836 2165 1967 2211 caret,
1997 2165 2047 2201 ut
2072 2159 2184 2202 affir-

401 2239 518 2267 mare
533 2239 620 2267 non
635 2226 847 2278 dubitem,
866 2227 903 2268 si
920 2227 1090 2268 libellus
1106 2226 1393 2268 Suetonianus
1408 2226 1534 2267 unius
1548 2226 1681 2267 solius
1696 2225 1853 2267 codicis
1868 2239 1998 2279 opera
2012 2226 2184 2268 restitu-

400 2292 536 2333 endus
556 2299 681 2343 esset,
702 2291 816 2334 hunc
835 2294 1026 2334 codicem
1046 2293 1196 2334 ceteris
1214 2293 1544 2345 praeferendum
1562 2292 1706 2333 fuisse.
1744 2293 1865 2344 Quae
1883 2305 1982 2333 cum
2000 2292 2063 2334 ita
2080 2292 2182 2343 sint,

399 2371 486 2399 non
502 2371 758 2411 magnopere
774 2359 904 2400 miror
919 2359 1317 2401 Reifferscheidium
1332 2359 1536 2411 singulari
1551 2359 1640 2400 eius
1659 2358 1856 2400 bonitate
1875 2365 1919 2400 et
1937 2358 2183 2401 sinceritate

399 2431 628 2477 captatum
652 2425 805 2466 ducem
827 2426 1080 2478 primarium
1102 2425 1148 2466 in
1171 2425 1378 2467 Suetonio
1400 2425 1660 2466 recensendo
1682 2424 1916 2478 repperisse
1937 2424 2020 2466 sibi
2042 2424 2183 2466 uisum

399 2504 502 2532 esse.
538 2491 691 2543 Neque
708 2491 798 2543 ipse
815 2492 949 2533 codex
966 2489 1014 2542 V,
1033 2492 1166 2533 etiam
1182 2491 1220 2533 si
1236 2492 1354 2532 nullo
1371 2492 1501 2532 modo
1518 2491 1710 2532 eiusdem
1727 2497 1793 2533 est
1808 2490 1921 2544 preti
1937 2503 1988 2533 ac
2005 2490 2183 2533 Reiffer-

398 2557 612 2598 scheidius
643 2557 868 2608 iudicauit,
901 2565 967 2599 est
998 2558 1274 2608 incusandus,
1306 2558 1382 2599 sed
1413 2558 1552 2599 multo
1584 2557 1720 2610 magis
1751 2557 1963 2599 maiorum
1993 2557 2182 2610 peccatis

397 2622 593 2664 laborare
609 2623 834 2664 habendus
851 2631 929 2665 est.
962 2625 1082 2665 Haec
1098 2624 1256 2665 codicis
1272 2624 1494 2665 sinceritas
1510 2637 1560 2665 eo
1576 2623 1711 2676 magis
1727 2630 1792 2665 est
1808 2623 2076 2674 admiranda,
2094 2636 2182 2676 quo

397 2689 487 2730 eius
513 2689 713 2730 librarius
738 2689 1117 2742 interpolationem
1144 2690 1264 2731 uelut
1289 2690 1506 2742 professus
1532 2696 1612 2740 est,
1641 2689 1800 2742 quippe
1827 2689 1901 2742 qui
1926 2689 1983 2731 ad
2012 2689 2184 2742 Dialogi

398 2755 529 2796 finem
547 2755 783 2808 scripserit:
820 2756 938 2809 “Ego
957 2761 1117 2797 tantum
1135 2756 1302 2809 repperi
1318 2761 1353 2796 et
1371 2756 1662 2797 meliusculum
1671 2755 1802 2809 seci.''
1840 2756 1923 2797 Sed
1939 2754 2030 2797 sine
2049 2754 2182 2797 dubio

397 2834 497 2862 cum
524 2821 794 2863 Michaelisio
817 2821 1006 2863 iudicare
1031 2822 1235 2864 debemus
1259 2822 1349 2862 uim
1372 2822 1499 2862 huius
1519 2821 1735 2863 enuntiati
1754 2821 1799 2862 in
1818 2821 1891 2863 illo
1911 2821 2181 2864 deminutiuo

396 2887 548 2929 latere.
578 2888 674 2938 Quo
687 2887 818 2940 igitur
832 2889 1102 2930 referendum
1117 2895 1182 2930 est
1196 2888 1301 2929 illud
1316 2888 1627 2929 meliusculum?
1657 2888 1785 2929 Hunc
1799 2887 2020 2929 librarium
2031 2900 2067 2928 c.
2079 2888 2106 2928 4
2118 2885 2178 2940 (p.

484 2996 526 3018 ¹⁸⁸
538 2995 627 3031 Vide
641 3007 747 3040 supra
760 3007 797 3040 p.
815 2995 891 3032 117.

485 3051 526 3073 ¹⁸⁹
538 3051 594 3086 Cf.
609 3055 730 3086 tamen
745 3062 775 3086 c.
794 3052 838 3086 30
850 3051 901 3095 (p.
919 3051 993 3095 127,
1008 3052 1044 3093 4)
1061 3056 1224 3086 auctorem
1239 3050 1268 3086 V
1297 3056 1444 3086 autorem
1458 3049 1496 3087 L.

483 3106 526 3129 ¹⁸⁰
537 3105 626 3141 Vide
639 3117 746 3149 supra
759 3117 794 3150 p.
810 3108 866 3142 98.

484 3162 525 3184 ¹⁸¹
538 3160 627 3196 Vide
640 3172 747 3204 supra
760 3172 796 3204 p.
814 3162 889 3198 104.
