2340 3840
396 355 440 392 20
719 355 788 389 DE
804 354 1098 392 FRAGMENTI
1113 355 1409 391 SVETONIANI
1425 356 1493 391 DE
1510 356 1855 393 GRAMMATICIS
2101 357 2181 400 [⁵20

394 468 455 511 sie
485 467 686 510 habenda
714 466 886 521 gratia⁸⁵
907 474 956 509 ut
977 467 1088 510 male
1107 467 1434 522 imprecandum
1455 476 1520 511 est
1553 468 1747 511 Sicconio
1779 470 2018 512 Polentano
2050 470 2180 512 Pata·

395 535 512 585 uino,
530 533 722 587 quicum
738 546 835 576 eam
850 540 1022 587 partem
1039 547 1150 587 quae
1167 534 1265 576 est⁸⁸
1281 535 1334 576 de
1351 535 1595 576 oratoribus
1612 548 1664 577 ac
1679 536 1819 588 poetis
1836 534 2180 588 adinuenisset,⁸⁷

395 602 458 644 ita
472 599 712 654 suppressit
727 607 778 642 ut
793 613 847 642 ne
863 613 1057 654 unquam
1071 601 1117 642 in
1131 601 1272 642 lucem
1287 602 1433 647 uenire
1447 609 1607 655 posset.
1639 603 1781 654 Quam
1797 616 1876 656 ego
1891 616 1990 644 cum
2006 602 2179 647 Patauii

396 665 700 721 perquirerem,
721 666 899 708 tandem
917 666 1055 720 reperi
1073 679 1170 708 eam
1188 667 1244 708 ab
1263 666 1337 708 illo
1355 667 1487 709 fuisse
1506 668 1798 719 combustam;
1817 669 2047 721 ipsumque
2065 681 2180 711 arro-

396 732 546 787 gantia
565 745 616 774 ac
636 732 881 774 temeritate
899 732 1135 786 impulsum
1155 733 1209 774 de
1228 733 1331 775 uitis
1350 733 1582 775 illustrium
1601 733 1860 787 scriptorum
1879 734 2180 787 loquacissime

396 798 558 854 pariter
573 805 618 841 et
632 798 899 852 ineptissime
918 799 1150 852 scripsisse.
1209 800 1324 842 IOV.
1347 800 1674 843 PONTANVS.
1697 802 1911 843 VMBER
1932 801 2178 854 excripsit?

480 865 625 907 Primo
646 864 778 919 igitur
799 878 851 907 ea
872 878 984 919 quae
1006 866 1059 907 de
1082 866 1233 907 Enoch
1255 866 1459 908 Asculani
1481 867 1823 919 peregrinatione
1845 874 1890 909 et
1921 867 2040 909 libris
2071 880 2180 920 quos

396 931 638 986 reportauit
655 931 737 974 uiri
755 931 874 974 docti
891 945 1037 974 eruere
1054 938 1293 986 potuerunt
1311 934 1535 984 enarrabo,
1556 933 1710 975 deinde
1729 946 1840 986 quae
1858 947 1909 975 ex
1927 933 1994 974 his
2012 933 2180 975 indiciis

396 1005 442 1041 et
457 998 644 1040 Pontani
660 998 909 1041 testimonio
924 1011 1020 1040 mea
1035 998 1235 1052 opinione
1250 999 1502 1041 concludere
1518 999 1658 1051 liceat,
1675 1013 1901 1052 exponam.

479 1064 683 1106 Albertus
702 1064 854 1106 Enoch
873 1065 1113 1107 Asculanus
1132 1078 1158 1106 a
1178 1065 1360 1107 Nicolao
1379 1067 1418 1108 V
1434 1066 1639 1119 pontifice
1659 1066 1847 1107 maximo
1865 1066 1910 1107 in
1931 1073 2067 1108 terras
2085 1079 2180 1120 sep-

398 1130 677 1174 tentrionales
715 1130 922 1172 librorum
963 1131 1225 1173 Graecorum
1253 1132 1594 1184 Latinorumque
1622 1132 2012 1184 conquirendorum
2039 1132 2180 1185 gratia

397 1197 552 1239 missus
576 1210 692 1239 anno
720 1198 820 1239 1451
848 1197 1068 1250 profectus
1092 1198 1208 1240 est.⁸⁸
1266 1198 1444 1239 Redisse
1469 1205 1617 1240 autem
1642 1198 1815 1240 uidetur
1839 1205 2052 1240 autumno
2076 1199 2181 1240 anni

400 1265 504 1306 1455
524 1263 692 1316 aliquot
712 1263 931 1305 mensibus
949 1271 1052 1317 post
1069 1264 1244 1317 patroni
1264 1264 1330 1306 sui
1350 1264 1520 1306 Nicolai
1540 1266 1578 1307 V
1597 1265 1832 1306 mortem.³⁹
1889 1265 2024 1307 Cuius
2044 1265 2098 1306 de
2117 1278 2181 1307 re-

396 1329 493 1373 ditu
515 1329 769 1372 Theodorus
795 1330 914 1372 Gaza
936 1330 994 1371 ad
1016 1331 1147 1372 finem
1169 1331 1362 1373 eiusdem
1384 1331 1487 1373 anni
1514 1332 1617 1372 1455
1643 1333 1784 1372 Roma
1808 1331 2038 1384 Neapolim
2061 1330 2179 1384 apud

396 1410 539 1450 regem
562 1396 833 1450 Alphonsum
856 1396 1100 1450 demigrans
1123 1397 1328 1439 notitiam
1350 1396 1543 1450 pertulit,
1569 1403 1619 1439 ut
1642 1411 1692 1438 ex
1716 1397 1880 1439 Antoni
1903 1397 2180 1439 Panormitae

396 1462 441 1504 id
459 1462 664 1516 temporis
682 1462 866 1516 Neapoli
883 1463 1077 1516 degentis
1094 1463 1248 1506 litteris
1265 1464 1322 1506 ad
1339 1465 1548 1505 Ioannem
1566 1464 1797 1516 Aurispam
1815 1463 2071 1506 discimust⁴⁰

481 1528 788 1571 “Theodorum
813 1535 953 1581 tuum,
979 1543 1109 1583 quem
1133 1530 1239 1572 mihi
1265 1536 1491 1584 tantopere
1516 1530 1808 1580 commendaS,
1834 1530 1943 1571 scito
1967 1529 2086 1583 apud
2109 1530 2182 1571 Al·

396 1595 612 1649 phonsum
631 1608 774 1648 regem
794 1595 1018 1649 magnifice
1042 1597 1319 1639 collocatum.
1339 1630 1348 1638 .
1367 1629 1376 1638 .
1441 1598 1509 1638 Tu
1533 1610 1636 1638 vero
1655 1596 1691 1638 si
1716 1610 1785 1638 me
1808 1596 1931 1638 audis
1956 1609 2099 1650 regem
2117 1609 2181 1638 re·

396 1667 510 1715 pete,
549 1661 624 1715 qui
650 1667 695 1703 te
731 1661 871 1715 diligit
907 1668 952 1704 et
979 1662 1059 1705 tibi
1095 1663 1342 1705 meliuscule
1378 1677 1470 1705 esse
1506 1663 1644 1716 cupit.
1664 1696 1672 1704 .
1692 1696 1700 1704 .
1717 1676 1726 1712 ;
1763 1663 2034 1716 cooptaberis
2074 1661 2180 1704 mihi

397 1728 521 1770 crede
536 1727 582 1769 in
597 1727 886 1781 amplissimas
903 1728 1151 1782 dignitates,
1169 1730 1205 1771 si
1220 1730 1305 1771 huc
1321 1730 1378 1771 ad
1395 1743 1474 1771 nos
1491 1729 1675 1772 veneris.
1696 1763 1703 1770 .
1724 1762 1732 1770 .

481 1794 695 1836 “Veniens
710 1807 812 1836 vero
827 1795 897 1836 fac
920 1802 1063 1837 tecum
1085 1795 1251 1838 deferas
1267 1796 1467 1849 Apicium
1488 1795 1785 1848 coquinarium
1801 1802 1845 1836 et
1863 1794 2058 1836 Caesaris
2076 1795 2180 1846 Iter,

397 1867 448 1902 ut
468 1860 598 1902 refert
618 1860 873 1903 Theodorus
895 1868 1010 1914 tuus,
1033 1876 1148 1904 nunc
1167 1863 1256 1904 iam
1277 1876 1411 1914 meus,
1433 1862 1635 1904 inventos
1658 1863 1928 1914 Romamque
1949 1861 2182 1914 perductos

481 1928 507 1946 Π

480 1993 595 2035 Huic
609 1993 820 2047 epistulae
835 1995 1099 2048 respondens
1114 1995 1300 2049 Aurispa
1315 1996 1384 2037 die
1398 1996 1516 2036 XIII
1533 1995 1691 2036 mensis
1708 1993 1959 2035 Decembris
1979 1992 2035 2043 (a.
2056 1992 2180 2043 1455)

395 2060 502 2101 haec
531 2072 642 2112 quae
669 2060 727 2102 ad
755 2067 950 2102 nostram
978 2061 1303 2114 inquisitionem
1330 2062 1547 2104 intersunt
1575 2061 1764 2114 scripsit:
1823 2059 2049 2113 “Apitium
2075 2072 2183 2113 pau-

395 2140 541 2179 perem
564 2126 865 2179 coquinarium
890 2141 1019 2180 quem
1041 2128 1155 2182 petis
1179 2128 1270 2170 vidi
1294 2134 1338 2170 et
1361 2128 1443 2182 legi
1451 2142 1461 2179 ;
1487 2127 1697 2169 dictiones
1720 2127 1854 2168 habet
1877 2126 2045 2178 aliquas
2071 2138 2181 2178 quae

397 2192 477 2234 tibi
501 2192 614 2234 forte
638 2193 891 2246 placebunt.
911 2227 919 2235 .
939 2195 1155 2236 .Caesaris
1181 2196 1272 2236 Iter
1296 2207 1424 2248 prosa
1450 2194 1644 2235 oratione
1669 2200 1749 2244 est,
1776 2206 1864 2233 non
1887 2205 2026 2234 versu.
2082 2193 2183 2233 Por-

394 2257 635 2312 phirionem
653 2259 872 2311 quendam
889 2259 935 2301 in
951 2260 1153 2302 Oratium
1170 2261 1239 2302 hic
1256 2261 1385 2312 idem,
1405 2261 1479 2313 qui
1497 2260 1693 2313 Apitium
1710 2260 1767 2300 ad
1784 2273 1862 2299 nos
1879 2258 2094 2311 perduxit,
2113 2265 2179 2300 at-

481 2380 507 2402 ⁸⁸
519 2378 687 2415 Primitus
699 2379 831 2424 scripta
840 2391 916 2415 esse
926 2380 1092 2417 uidentur
1101 2376 1189 2424 hnde
1203 2387 1283 2418 sunt
1296 2375 1362 2426 εἷς,
1376 2381 1481 2417 tertia
1492 2386 1613 2416 autem
1627 2391 1752 2415 manus
1762 2379 1870 2420 lande
1859 2390 1897 2415 ιιι
1910 2378 2002 2416 maa
2014 2377 2182 2419 mutauit,

393 2450 474 2481 sunt
499 2446 654 2481 radendo
679 2445 810 2482 deleuit
835 2451 873 2482 et
894 2451 941 2482 est
963 2448 1218 2492 suprascripsit,
1241 2448 1367 2484 deinde
1389 2448 1483 2483 idem
1505 2452 1552 2482 est
1573 2447 1716 2490 deleuit;
1740 2446 1889 2489 denique
1913 2457 1972 2489 gra
1996 2456 2103 2510 supra
2125 2437 2182 2488 εἷς

394 2500 542 2544 scripsit.

482 2557 508 2579 ⁸⁸
520 2568 593 2591 eam
602 2583 720 2591 ......
727 2561 774 2592 est
787 2568 893 2602 supra
908 2569 1048 2594 uersum
1061 2559 1144 2595 add.

482 2611 511 2634 ⁸⁷
523 2616 570 2646 est
583 2612 770 2647 inuenisset
783 2612 947 2657 primitus
961 2613 1131 2658 scriptum
1146 2625 1220 2650 esse
1234 2614 1386 2650 uidetur.

482 2667 511 2689 ⁸⁸
523 2666 685 2711 Epistula
695 2667 733 2702 N
732 2667 834 2703 icolai
845 2669 877 2703 V
886 2668 934 2704 ad
945 2669 1164 2705 Ludouicum
1175 2669 1506 2712 Erlichshusensem,
1518 2679 1626 2712 quam
1637 2666 1760 2703 Enoch
1770 2677 1888 2702 secum
1897 2670 2038 2711 portare
2048 2664 2183 2708 debuit,

394 2721 452 2756 die
461 2722 571 2756 XXX
582 2721 711 2757 mensis
721 2722 849 2766 Aprilis
858 2735 891 2758 a.
905 2724 987 2759 1451
1001 2724 1086 2759 data
1097 2730 1162 2760 est.
1194 2726 1309 2768 Quam
1319 2725 1400 2760 uide
1410 2724 1507 2769 apud
1518 2722 1708 2767 voigtium,
1718 2721 2005 2765 Wiedabdebuug
2014 2721 2053 2756 11
2060 2731 2096 2765 p.
2105 2719 2183 2763 Ξω,

394 2776 476 2812 adn.
494 2777 527 2819 3,
545 2776 619 2812 siue
635 2777 730 2821 apud
747 2778 1016 2823 Michaelisium,
1033 2781 1147 2823 Praes.
1165 2792 1200 2824 p.
1218 2781 1341 2815 XXII.
1388 2779 1511 2815 Enoch
1528 2783 1647 2814 tamen
1662 2777 1799 2821 aliquot
1814 2776 1992 2812 mensibus
2006 2780 2089 2821 post
2104 2785 2185 2820 pro-

394 2832 508 2875 fectus
520 2832 757 2875 esseuidetur,
770 2838 813 2868 ut
826 2834 969 2877 Gregori
983 2835 1121 2870 Corrari
1134 2835 1282 2879 epistula
1295 2835 1341 2870 ad
1355 2836 1525 2870 Ioannem
1532 2833 1733 2868 Arretinum
1745 2830 2109 2867 dieXXVIIImensis
2116 2830 2184 2866 Oc-

396 2886 506 2923 tobris
519 2887 674 2922 eiusdem
687 2888 771 2922 anni
785 2889 870 2924 data
884 2890 997 2926 docet.
1043 2891 1141 2926 Haec
1154 2890 1304 2935 epistula
1318 2890 1413 2934 apud
1428 2889 1690 2931 Sabbadinium,
1704 2888 1792 2923 Scor.
1808 2899 1825 2922 e
1839 2887 1923 2922 Cn’t.
1937 2897 1973 2930 p.
1988 2881 2066 2929 2'76,
2087 2884 2184 2921 edita

395 2946 460 2977 est.
1939 2973 1942 2975 -

482 2997 511 3020 ³⁸
522 2997 690 3033 Nicolaus
704 2999 736 3033 V
750 2998 844 3033 diem
859 3010 1060 3044 supremum
1074 3000 1164 3036 obiit
1177 3012 1295 3036 mense
1309 3000 1445 3035 Martio
1459 3012 1492 3035 a.
1511 2999 1606 3034 1455.

482 3053 511 3074 ¹⁰
523 3052 608 3087 Dies
621 3063 692 3088 non
705 3053 891 3097 indicatur,
905 3055 967 3090 sed
979 3055 1066 3091 haec
1079 3055 1229 3100 epistula
1241 3055 1338 3091 haud
1351 3055 1412 3090 diu
1425 3060 1510 3090 ante
1522 3058 1726 3098 sequentem
1739 3051 1842 3088 scribi
1854 3030 1989 3087 debuit.
2034 3051 2133 3086 Haec
2146 3055 2184 3086 et

394 3107 486 3142 duae
499 3113 684 3151 sequentes
696 3119 719 3143 a
732 3109 958 3153 Sabbadinio,
972 3111 1059 3146 διον.
1075 3123 1093 3146 e
1107 3111 1190 3146 Crit.
1205 3122 1241 3156 p.
1257 3111 1337 3145 283-
1339 3109 1370 3154 7,
1395 3110 1595 3154 publicatae
1608 3113 1702 3144 sunt.
1748 3108 1804 3143 De
1818 3106 1956 3142 duabus
1968 3105 2091 3152 primis
2111 3105 2184 3150 epi-

393 3161 495 3198 :tulis
507 3173 601 3198 anno
616 3163 700 3198 1455
715 3168 752 3199 et
766 3164 871 3200 tertia
883 3176 977 3201 anno
993 3155 1077 3200 1457
1091 3166 1309 3201 uindicandis
1323 3166 1404 3200 uide
1414 3166 1455 3200 V.
1472 3165 1646 3207 Rossium,
1657 3162 1855 3198 Rendiconti
1867 3162 1939 3197 Ser.
1954 3161 1997 3205 V,
2007 3161 2046 3196 11
2059 3172 2094 3205 p.
2108 3161 2182 3204 138,

393 3217 476 3253 adn.
490 3218 523 3260 4,
538 3222 575 3253 et
588 3218 877 3255 Sabbadiniuml.
891 3232 918 3255 c.
