2340 3840
419 373 461 406 62
750 372 817 405 DE
834 372 861 404 F
863 371 1126 405 RAGMENTI
1142 371 1436 406 SVETONIANI
1452 372 1519 406 DE
1537 372 1881 408 GRAMMATICIS
2128 374 2204 416 [562

423 492 627 538 quentem
647 485 797 534 habet;
819 481 859 524 N
881 491 1029 525 autem
1050 483 1187 525 indice
1208 491 1339 529 caret.
1389 484 1484 535 Qua
1505 484 1549 525 in
1571 498 1613 526 re
1638 481 1676 525 G
1697 481 1730 536 1,
1755 484 1959 537 quoniam
1979 498 2079 526 cum
2095 482 2134 527 Ο
2152 482 2204 527 W

421 553 508 594 fere
538 551 829 601 consentiunt,
860 550 1088 603 pristinam
1118 550 1303 591 formam
1332 563 1502 592 seruare
1532 550 1747 592 uidentur.
1807 552 1876 592 De
1907 551 2042 593 totius
2072 551 2203 594 libelli

421 617 735 669 subscriptione
750 617 868 657 nulla
884 623 950 658 est
965 616 1077 658 inter
1092 623 1262 658 nostros
1278 617 1444 658 codices
1461 617 1696 658 consensio.
1737 618 1802 658 Ea
1817 617 2076 670 subscriptio
2091 630 2202 671 quae

421 691 486 726 est
504 684 548 725 in
568 681 621 734 O,
662 683 935 724 DEFICIT.
971 683 1036 723 FI
1047 683 1168 724 NIS.
1210 684 1295 723 DE
1305 683 1386 724 VS.
1425 683 1496 724 CO
1507 683 1717 725 NCEDA
1731 684 1778 725 T.
1818 684 1909 726 VT.
1943 684 2202 726 REPERI·

424 752 458 792 A
474 751 611 800 TVR,
638 750 868 791 manifesto
892 756 957 790 est
982 749 1202 790 additicia.
1256 751 1309 790 In
1323 746 1374 790 W
1390 746 1429 790 G
1441 746 1461 789 Ι
1474 749 1592 790 nulla
1605 749 1781 791 omnino
1793 756 1859 792 est
1871 749 2147 803 subscriptio,
2160 747 2202 792 N

422 818 527 858 haec
547 816 729 868 margini
747 816 889 857 adfixa
908 816 1089 868 profert:
1118 821 1240 856 uacat
1258 816 1306 856 in
1326 816 1568 868 exemplari3
1589 813 1623 857 V
1642 816 1740 858 Non
1758 816 1923 869 repperi
1940 817 2051 858 ultra
2067 817 2116 858 in
2133 829 2202 859 ex-

421 883 644 936 emplari.³⁹

503 950 633 990 Nunc
661 949 1012 1001 inuestigandum
1041 955 1106 990 est
1136 949 1253 1000 quod
1280 949 1427 989 lumen
1455 955 1702 990 nostrorum
1729 948 1937 990 librorum
1965 949 2202 1004 archetypo

423 1016 618 1069 Agricola
635 1015 815 1056 Aesinus
833 1015 1072 1056 diffundere
1088 1015 1238 1067 possit.
1287 1015 1400 1056 Cum
1416 1014 1468 1056 de
1488 1015 1683 1067 Agricola
1701 1015 1859 1057 Aesino
1875 1015 2028 1068 loquor
2043 1015 2136 1058 sola
2150 1027 2203 1058 ea

420 1089 519 1124 octo
540 1082 642 1124 folia
664 1088 812 1123 uetera
833 1095 856 1123 e
876 1081 1046 1122 saeculo
1068 1094 1182 1122 nono
1204 1081 1272 1123 uel
1294 1081 1459 1122 decimo
1480 1081 1792 1134 prouenientia,
1815 1094 1926 1135 quae
1947 1080 2051 1123 olim
2070 1078 2204 1136 ipsius

422 1148 735 1191 Hersfeldensis
762 1147 860 1189 libri
884 1161 985 1201 pars
1011 1148 1200 1198 fuerunt,
1228 1148 1273 1188 in
1299 1148 1444 1189 animo
1470 1148 1622 1189 habeo.
1677 1148 1856 1190 Suetoni
1880 1147 2112 1201 fragmenti
2136 1161 2203 1192 ar-

421 1215 658 1268 chetypum
677 1221 791 1256 certe
811 1214 1003 1255 eiusdem
1021 1220 1115 1255 erat
1135 1214 1292 1256 aetatis
1311 1221 1444 1267 atque
1464 1214 1536 1255 illa
1558 1215 1773 1267 Agricolae
1793 1221 1893 1256 octo
1912 1214 2030 1265 folia,
2054 1221 2100 1257 et
2130 1227 2203 1257 ue·

419 1282 720 1324 risimillimum
741 1280 846 1322 mihi
867 1281 1038 1322 uidetur
1058 1280 1103 1321 id
1123 1281 1275 1322 eadem
1295 1293 1427 1322 manu
1447 1287 1672 1322 exaratum
1695 1294 1799 1330 esse,
1823 1280 1886 1322 ita
1909 1287 1960 1322 ut
1986 1281 2203 1334 Agricolae

421 1348 566 1390 Aesini
584 1347 772 1400 propria,
793 1347 1115 1400 orthographia,
1135 1347 1381 1388 litterarum
1400 1347 1563 1398 formis,
1583 1347 1798 1388 scribendi
1826 1346 2106 1400 compendiis,
2137 1359 2204 1389 ce-

421 1414 608 1467 terisque
624 1414 765 1464 rebus,
782 1413 927 1454 omnia
948 1413 1114 1466 optimo
1130 1413 1220 1454 iure
1242 1420 1490 1455 nostrorum
1512 1413 1710 1454 codicum
1732 1413 1970 1466 archetypo
1992 1413 2203 1456 uindicari

419 1481 599 1533 possint.
656 1481 708 1521 In
738 1480 933 1533 Agricola
959 1479 1116 1521 Aesino
1144 1479 1332 1521 maxima
1358 1486 1423 1521 est
1450 1479 1664 1521 scribendi
1690 1479 2045 1532 compendiorum
2069 1480 2203 1533 parsi·

421 1547 579 1598 monia,
606 1546 723 1599 quod
748 1547 863 1587 idern
887 1547 932 1587 in
956 1546 1194 1599 archetypo
1220 1546 1484 1588 Suetoniano
1509 1546 1746 1587 obtinuisse
1770 1558 2023 1598 persuasum
2047 1545 2200 1588 habeo.

421 1613 546 1665 Quod
569 1613 604 1654 si
627 1626 779 1654 uerum
801 1619 880 1663 est,
904 1626 1004 1665 pars
1028 1613 1216 1654 maxima
1238 1626 1387 1654 eorum
1408 1626 1613 1663 errorum,
1640 1612 1713 1666 qui
1735 1613 1779 1653 in
1802 1612 1959 1654 nostris
1980 1611 2199 1656 codicibus

417 1695 469 1722 ex
493 1679 756 1733 compendiis
783 1679 892 1720 male
917 1679 1114 1720 resolutis
1140 1679 1277 1721 exorti
1301 1692 1345 1720 se
1370 1679 1546 1730 habent,
1568 1692 1655 1720 non
1679 1679 1736 1720 ad
1760 1678 2017 1731 compendia
2039 1679 2085 1720 in
2108 1678 2202 1732 ipso

420 1746 691 1788 Herfeldensi
718 1746 876 1796 codice,
905 1746 980 1786 sed
1007 1746 1064 1787 ad
1091 1746 1346 1798 compendia
1373 1746 1417 1786 in
1444 1746 1534 1787 eius
1561 1745 1820 1798 apographis
1848 1745 2058 1787 referendi
2082 1752 2200 1796 sunt,

420 1813 536 1866 quod
563 1812 873 1854 Gudemannus
897 1812 942 1853 in
969 1810 1143 1865 Dialogo
1168 1812 1426 1854 recensendo
1448 1811 1507 1865 (p.
1536 1810 1630 1862 115)
1656 1818 1770 1853 recte
1793 1810 1986 1864 agnouit,
2013 1810 2201 1853 Wickius

418 1879 661 1932 nuperrime
687 1879 778 1920 sine
805 1879 920 1920 iusta
940 1891 1070 1920 causa
1097 1879 1322 1932 negauit.⁴⁰
1378 1879 1519 1930 Quam
1546 1878 1804 1930 opinionem,
1833 1877 1869 1919 si
1895 1877 2100 1919 lectiones
2120 1890 2198 1931 ‘pe-

418 1946 595 1987 culiares
616 1945 840 1998 utriusque
860 1945 1048 1986 familiae
1071 1943 1106 1986 X
1126 1952 1170 1987 et
1190 1942 1225 1986 Y
1243 1956 1374 1998 supra
1394 1944 1452 1998 (p.
1468 1946 1520 1987 39
1532 1943 1616 1998 sq.)
1631 1944 1822 1997 prolatas
1835 1956 1935 1986 cum
1946 1943 2202 1986 lectionibus

417 2012 682 2066 singularum
698 2012 887 2054 familiae
903 2008 938 2052 Y
953 2011 1154 2065 stirpium
1169 2011 1281 2053 infra
1297 2012 1497 2053 exhibitis
1514 2011 1746 2053 contuleris
1762 2010 2005 2052 confirmari
2020 2010 2198 2052 uidebis.

418 2080 534 2120 Nam
569 2079 682 2120 inter
715 2078 809 2119 illas
843 2092 1060 2131 perpauca
1095 2078 1217 2129 uitia,
1254 2092 1365 2131 quae
1399 2078 1547 2120 librari
1580 2077 1821 2131 imperitiae
1855 2077 1900 2118 in
1933 2076 2199 2130 compendiis

417 2145 679 2198 explicandis
705 2152 823 2187 certo
848 2145 1007 2186 iudicio
1032 2145 1215 2186 attribui
1239 2145 1421 2198 possint,
1447 2144 1653 2195 inuenies,
1679 2144 1792 2185 inter
1817 2143 1895 2185 has
1920 2150 2069 2185 autem
2094 2142 2200 2185 talia

417 2212 639 2264 complura
675 2211 891 2253 uidentur.
958 2212 1054 2254 Hoc
1090 2225 1262 2265 quoque
1297 2211 1735 2253 animaduertendum
1771 2217 1852 2261 est,
1873 2209 2072 2263 quamuis
2106 2209 2198 2263 ipse

417 2278 730 2320 Hersfeldensis
750 2278 858 2319 liber
876 2291 1093 2331 perpauca
1113 2278 1369 2331 compendia
1389 2278 1582 2328 haberet,
1603 2277 1841 2330 archetypa
1861 2290 1911 2318 ex
1931 2275 2089 2329 quibus
2107 2275 2199 2329 ipse

416 2351 537 2386 ortus
563 2344 756 2395 traxerit,
784 2344 1050 2397 compendiis
1076 2344 1138 2386 ita
1165 2345 1386 2386 abundare
1412 2344 1617 2398 potuisse,
1647 2350 1696 2385 ut
1722 2343 1809 2384 iam
1835 2343 1880 2383 in
1907 2341 2199 2384 Hersfeldensi

414 2411 523 2452 libro
546 2410 649 2452 talia
670 2410 778 2452 uitia
798 2412 1071 2452 exstarent.⁴¹

499 2477 600 2517 Non
621 2483 766 2518 tamen
786 2477 960 2519 omnino
979 2477 1245 2530 compendiis
1265 2478 1440 2519 carebat
1461 2475 1772 2519 Hersfeldensis
1791 2475 1912 2525 liber,
1932 2481 1982 2516 ut
2003 2474 2200 2527 Agricola

416 2543 596 2584 Aesinus
617 2550 765 2595 aperte
787 2544 1070 2593 demonstrat,
1102 2550 1145 2585 et
1166 2544 1247 2584 illis
1268 2544 1370 2596 ipsis
1391 2543 1655 2596 compendiis
1677 2554 1788 2595 quae
1808 2542 1852 2582 in
1873 2541 2031 2582 Aesino
2050 2539 2196 2582 codice

415 2623 459 2650 se
480 2609 642 2651 habent
666 2610 886 2659 adhibitis,
904 2623 1051 2651 omnes
1072 2610 1159 2650 fere
1180 2610 1489 2662 discrepantias
1509 2610 1622 2651 inter
1648 2606 1684 2650 X
1703 2615 1747 2650 et
1768 2605 1803 2649 Y
1833 2620 1944 2660 quae
1973 2607 2054 2648 hac
2083 2619 2199 2648 com-

414 2676 670 2727 pendiorum
692 2676 858 2717 ratione
881 2676 1158 2728 explicandae
1180 2683 1283 2717 sunt
1305 2677 1551 2717 enucleatas
1573 2675 1719 2717 habes.
1775 2675 1823 2716 C.
1846 2675 1898 2715 28
1925 2672 1986 2726 (p.
2013 2674 2105 2724 124,
2131 2670 2196 2723 14)

416 2739 453 2782 Ο
474 2739 539 2792 W,
559 2742 714 2794 quibus
733 2742 874 2783 nescio
893 2755 979 2794 quo
996 2755 1099 2783 casu
1117 2739 1150 2782 B
1168 2743 1398 2792 consentit,
1418 2755 1566 2784 ueram
1583 2742 1841 2794 scripturam
1858 2740 2056 2781 nucerino
2072 2750 2194 2792 prae-

414 2808 532 2858 bent,
551 2808 739 2849 familiae
759 2805 793 2848 Y
810 2808 908 2849 libri
924 2815 1096 2860 praeter
1115 2805 1148 2848 B
1177 2810 1376 2850 Nuneino
1394 2809 1482 2850 fere
1500 2808 1676 2849 habent.
1724 2808 1886 2848 Ansam
1904 2805 1962 2847 ad
1979 2805 2091 2847 hanc
2108 2804 2193 2846 dis—

502 2940 528 2961 ¹⁹
539 2940 595 2974 De
609 2938 922 2982 subscriptionibus
936 2939 973 2974 in
988 2938 1016 2973 B
1034 2938 1067 2973 D
1082 2937 1108 2973 1.
1122 2939 1204 2974 uide
1218 2939 1309 2974 infra
1323 2951 1358 2983 p.
1378 2940 1454 2983 116;
1470 2939 1507 2974 in
1521 2939 1629 2983 stirpe
1644 2952 1669 2980 γ
1683 2938 1765 2974 uide
1778 2936 1869 2973 infra
1883 2947 1918 2981 p.
1937 2937 2012 2972 142.

501 2995 528 3017 ⁴⁰
539 2994 628 3029 Vide
641 2994 734 3029 infra
747 3006 782 3037 p.
802 2995 874 3029 192.

501 3050 526 3072 ⁴¹
539 3049 594 3084 Sic
610 3050 758 3084 fortasse
772 3050 987 3084 enucleanda
1002 3055 1086 3084 sunt
1100 3061 1129 3085 c.
1145 3051 1161 3084 1
1177 3049 1226 3094 (p.
1242 3050 1316 3093 100,
1330 3048 1363 3091 7)
1380 3050 1538 3085 adnotum
1552 3060 1616 3094 pro
1631 3049 1824 3084 adnotatum
1836 3046 1932 3089 (uide
1945 3046 2036 3082 intra
2049 3057 2086 3089 p.
2103 3043 2196 3088 1003

410 3115 441 3140 c.
451 3105 495 3139 26
504 3103 552 3148 (p.
569 3105 642 3148 123,
658 3103 712 3146 13)
732 3105 939 3147 significabat
949 3116 1013 3148 pro
1022 3105 1188 3148 significat
1203 3105 1240 3140 in
1255 3105 1417 3140 omnibus
1433 3105 1622 3148 codicibus;
1639 3115 1669 3140 c.
1682 3103 1724 3138 25
1739 3102 1787 3147 (ρ.
1808 3102 1882 3146 120,
1899 3099 1933 3143 7)
1950 3101 2054 3137 lectio
2069 3099 2196 3144 duplex

409 3160 533 3194 latinos
544 3160 702 3194 rhetoras:
713 3161 818 3194 latine
829 3161 951 3195 scilicet
964 3160 1118 3202 rhetoras,
1141 3160 1170 3195 si
1183 3172 1220 3195 re
1231 3171 1315 3195 uera
1328 3161 1413 3195 haec
1426 3161 1578 3196 uarietas
1590 3159 1656 3203 ipsi
1678 3156 1916 3194 Hersfeldensi
1937 3155 2117 3192 referenda
2139 3159 2195 3191 eet

408 3214 504 3256 (uide
516 3215 607 3250 inira
620 3226 655 3258 p.
671 3213 741 3256 89).
