2340 3840
359 367 421 401 138
685 367 753 401 DE
769 367 1063 402 FRAGMENTI
1078 367 1374 402 SVETONIANI
1389 368 1457 402 DE
1474 368 1820 404 GRAMMATICIS
2069 369 2146 412 [638

361 479 548 529 Dial0g0‚
573 478 642 519 uel
656 483 805 519 nostro
821 477 1055 519 Harleiano
1073 474 1151 530 (H)
1169 484 1213 519 et
1228 478 1423 519 Parisino
1436 475 1504 529 (P)
1518 478 1563 519 in
1581 479 1756 536 Dialogo
1771 479 1862 521 solo
1877 480 2143 533 conspirant;

360 544 496 586 artius
511 543 644 585 etiam
659 542 880 585 uinculum
894 543 1058 585 habent
1078 557 1177 585 cum
1201 557 1252 586 ea
1275 545 1521 587 Germaniae
1536 551 1580 586 et
1597 545 1768 598 Dialogi
1791 545 1994 597 editione,
2010 557 2144 599 quam

361 608 612 652 Franciscus
648 610 913 652 Puteolanus
943 609 1183 652 Mediolani
1209 623 1249 652 a.
1282 610 1385 652 1475
1414 611 1533 664 prelo
1559 611 1755 662 subiecit,
1784 612 1854 653 uel
1880 625 1980 654 cum
2005 610 2144 655 altera

360 676 552 717 eiusdem
583 675 772 718 editione
804 676 996 718 Venetiis
1028 689 1067 718 a.
1105 675 1208 718 1497
1242 677 1359 730 typis
1392 677 1620 730 descripta.
1684 678 1981 720 Correctorem
2011 677 2143 732 igitur

361 741 697 794 emendationes,
715 749 887 795 praeter
904 743 1116 796 quasdam
1133 743 1289 797 uiginti
1306 743 1496 796 quinque
1513 744 1600 785 fere
1617 757 1797 786 numero
1814 757 1925 797 quae
1941 758 1993 786 ex
2008 744 2142 798 ipsius

360 808 531 862 ingenio
546 809 739 861 prodisse
756 809 1002 861 uideantur,
1020 823 1071 851 ex
1087 809 1233 862 aliquo
1251 810 1397 851 codice
1414 810 1495 851 hoc
1513 823 1645 863 genus
1664 817 1707 852 et
1725 824 1747 852 e
1763 810 1904 863 priore
1921 811 1991 853 uel
2006 810 2146 854 altera

361 875 590 917 Puteolani
615 875 803 917 editione
827 882 1054 929 promptas
1078 875 1198 918 libris
1223 876 1412 918 Taciteis
1437 877 1642 918 adiecisse
1667 877 1891 919 iudicauit.
1946 876 2147 920 Eundem

360 948 644 984 correctorem
659 942 766 984 talia
780 942 973 984 subsidia
988 942 1033 984 in
1050 943 1256 985 Suetonio
1271 943 1521 996 corrigendo
1536 943 1751 996 habuisse,
1767 956 1909 996 nemo,
1926 943 2002 997 qui
2016 943 2146 986 tabu-

359 1010 448 1050 lam
465 1019 596 1061 supra
613 1010 854 1061 expositam
869 1009 1210 1062 perlustrauerit,
1229 1009 1389 1062 credet,
1407 1010 1483 1051 sed
1501 1022 1572 1050 eas
1590 1009 1926 1061 emendationes,
1945 1016 1997 1052 ut
2013 1010 2144 1052 modo

360 1076 404 1117 in
435 1075 517 1116 hoc
543 1075 673 1116 modo
697 1075 742 1116 in
773 1075 845 1116 illo
870 1077 1030 1128 codice,
1062 1076 1232 1128 saepius
1256 1077 1391 1118 etiam
1414 1077 1460 1118 in
1485 1076 1603 1117 nullo
1627 1077 1922 1128 inueniuntur,
1947 1089 2096 1118 omnes
2120 1089 2144 1119 e

361 1141 611 1183 correctoris
633 1141 805 1195 ingenio
827 1141 946 1183 nullo
967 1142 1077 1184 libro
1100 1143 1168 1184 uel
1191 1143 1485 1195 manuscripto
1508 1143 1578 1184 uel
1598 1144 1807 1195 impresso
1828 1142 2028 1185 adhibito
2048 1156 2147 1198 pro-

361 1208 471 1250 disse
495 1208 618 1250 facile
643 1208 866 1260 concedet;
893 1208 1010 1260 quod
1034 1210 1168 1251 etiam
1196 1209 1573 1250 Schoenemannus
1598 1210 1765 1261 optimo
1788 1209 1879 1251 iure
1902 1210 2146 1264 suspicatus

360 1282 438 1317 est.

361 1377 399 1416 6.
460 1376 615 1416 STIRPS
634 1378 661 1424 β
680 1387 732 1416 ΙΝ
750 1387 957 1416 PROPRns
977 1376 1285 1417 LEc‘rIovas
1305 1388 1410 1417 LEVI
1430 1388 1537 1417 ESSE
1558 1377 1878 1417 AvcromrATE
1897 1387 2143 1418 wchTvn

445 1476 602 1515 Restat
619 1480 669 1515 ut
685 1474 893 1516 nonnulla
910 1475 963 1516 de
978 1474 1064 1516 fide
1081 1475 1227 1528 stirpis
1241 1478 1268 1524 β
1285 1476 1329 1516 in
1345 1475 1603 1516 lectionibus
1619 1475 1909 1529 peculiaribus
1921 1475 2145 1526 disseram,

359 1541 612 1593 praesertim
630 1555 729 1582 cum
748 1541 893 1594 opinio
911 1555 1007 1583 mea
1027 1548 1120 1583 tarn
1139 1542 1264 1595 longe
1282 1542 1338 1583 ab
1357 1542 1557 1594 opinione
1575 1542 1766 1583 uirorum
1784 1542 2145 1593 doctissimorum,

361 1607 435 1660 qui
451 1608 743 1660 fragmentum
761 1607 1074 1649 Suetonianum
1091 1609 1305 1650 edendum
1322 1615 1598 1659 curauerunt‚
1617 1609 1824 1650 discedat.
1858 1609 2025 1651 Priores
2043 1609 2146 1650 Sue-

362 1673 454 1715 toni
478 1673 663 1714 editores
683 1684 819 1726 paene
844 1673 1103 1726 quaesiuisse
1127 1673 1232 1716 mihi
1253 1674 1469 1725 uidentur,
1494 1680 1601 1726 quot
1623 1674 1750 1715 huius
1772 1674 1918 1726 stirpis
1938 1673 2145 1717 lectiones

359 1739 595 1791 peculiares
617 1740 754 1792 accipi
775 1746 967 1792 possent,
983 1754 1063 1794 ego
1086 1740 1275 1793 quidem,
1298 1754 1398 1781 cum
1419 1741 1497 1781 hos
1520 1740 1687 1782 codices
1709 1754 1760 1781 ex
1782 1739 2075 1783 Hersfeldensi
2095 1752 2148 1782 ea

361 1805 432 1847 uia
458 1818 590 1858 quam
616 1806 911 1848 demonstraui
935 1806 1142 1860 originem
1167 1808 1345 1849 traxisse
1368 1818 1623 1860 persuasum
1646 1807 1846 1859 habeam,
1872 1819 2034 1860 quaero
2057 1818 2146 1848 non

362 1880 470 1924 quot
489 1873 693 1915 lectiones
713 1873 852 1926 accipi
870 1874 1051 1926 possint,
1072 1873 1147 1916 sed
1167 1878 1274 1926 qu02
1294 1873 1480 1926 accipias
1500 1886 1670 1914 necesse
1689 1872 1759 1915 sit.

447 1939 559 1980 Cum
578 1952 616 1980 a.
641 1940 743 1980 1841
764 1939 1011 1981 Ludouicus
1030 1939 1227 1982 Trossius
1246 1939 1438 1981 codicem
1456 1939 1710 1983 Leidensem
1727 1939 1773 1980 in
1790 1940 1932 1982 lucem
1947 1938 2164 1992 protulit„

363 2011 489 2047 tanta
508 2012 603 2047 erat
621 2006 759 2048 nostri
776 2005 907 2048 libelli
925 2006 1124 2049 codicum
1141 2007 1417 2059 parsimonia,
1438 2014 1488 2049 ut
1508 2006 1683 2058 quidem
1701 2005 1804 2047 uiris
1822 2005 2084 2049 doctissimis
2101 2004 2147 2046 id

362 2073 567 2124 temporis
582 2072 827 2123 uidebatur,
844 2071 1054 2114 editiones
1075 2085 1186 2125 quae
1207 2073 1337 2126 uulgo
1356 2072 1607 2114 ferebantur
1627 2079 1721 2114 tam
1740 2071 1998 2113 foedissimis
2015 2071 2147 2114 inter-

360 2137 668 2190 polationibus,
693 2151 805 2191 quae
828 2138 897 2179 uel
919 2139 1077 2181 nullius
1100 2138 1276 2180 omnino
1299 2138 1458 2180 codicis
1481 2138 1550 2180 uel
1571 2138 1856 2191 pessimorum
1879 2137 2010 2180 modo
2031 2137 2148 2180 codi-

361 2217 460 2245 cum
491 2204 753 2246 auctoritate
783 2204 1050 2256 nitebantur,
1083 2205 1326 2247 maculatae
1357 2211 1494 2255 erant,
1527 2211 1647 2246 totus
1679 2211 1825 2246 textus
1856 2201 2146 2246 Suetonianus

361 2272 538 2313 omnino
556 2278 649 2312 tam
666 2271 830 2313 incerto
847 2272 1134 2314 fundamento
1151 2272 1296 2314 sedere
1313 2271 1558 2322 uidebatur,
1577 2279 1628 2314 ut
1644 2271 1751 2312 nihil
1766 2271 1824 2313 sit
1841 2269 2147 2312 admirandum

362 2339 475 2379 uiros
497 2339 767 2380 doctissimos
787 2339 979 2381 codicem
999 2339 1252 2381 Leidensem
1271 2339 1448 2392 insignis
1469 2353 1559 2380 esse
1578 2338 1788 2380 bonitatis
1810 2338 1992 2389 duxisse,
2013 2344 2147 2391 atque

362 2405 515 2455 ducem
533 2405 800 2457 primarium,
821 2419 847 2446 a
867 2419 953 2458 quo
971 2419 1108 2458 paene
1127 2406 1267 2446 omnis
1286 2405 1541 2447 recensionis
1555 2406 1669 2446 salus
1684 2405 1897 2457 speranda
1909 2411 2034 2455 esset,
2049 2410 2146 2446 tan-

362 2470 461 2510 dem
494 2478 713 2522 repertum
746 2484 836 2512 esse
870 2471 1096 2512 censuisse.
1151 2470 1348 2513 Trossius
1381 2470 1513 2524 igitur
1537 2470 1790 2512 Leidensem
1813 2467 2005 2513 codicein
2030 2468 2147 2522 typis

361 2535 542 2578 describi
565 2535 702 2578 iussit.
756 2537 955 2578 Osannus
980 2551 1152 2590 quoque
1172 2544 1216 2579 et
1237 2537 1424 2578 Rothius
1444 2536 1697 2578 Leidensem
1717 2536 1912 2578 omnium
1931 2536 2147 2588 optimum

361 2602 621 2655 habuerunt,
643 2603 843 2655 quamuis
861 2615 1023 2655 paucos
1043 2603 1150 2644 alios
1170 2603 1511 2645 adhibuerint.²¹⁰

446 2669 818 2711 Reifferscheidius
838 2669 998 2711 maiore
1015 2669 1224 2711 librorum
1243 2669 1636 2722 manuscriptorum
1654 2669 1779 2722 copia
1796 2667 1945 2710 usus²¹¹
1962 2666 2144 2709 Leiden-

360 2747 451 2776 sem
476 2733 669 2776 codicem
695 2735 843 2777 multis
869 2735 1058 2777 Pontani
1082 2736 1350 2788 aliorumque
1374 2735 1780 2788 interpolationibus
1807 2734 2004 2776 laborare
2029 2739 2145 2775 recte

360 2802 591 2854 perspexit,
605 2807 739 2854 atque
758 2801 889 2842 fidem
903 2814 1034 2854 quam
1045 2801 1205 2854 priores
1219 2801 1417 2843 Leidensi
1429 2802 1672 2843 habuerant
1686 2802 1730 2843 in
1743 2801 1832 2842 eius
1844 2807 2051 2854 patruum
2061 2799 2147 2842 Va-

449 2901 489 2923 ²¹⁰
501 2900 663 2935 Osannus
672 2905 811 2943 praeter
821 2900 1026 2936 Leidensem
1036 2901 1100 2936 hos
1110 2900 1246 2936 codices
1256 2900 1433 2936 adhibuit:
1447 2900 1676 2935 Harleianum
1687 2904 1724 2935 et
1734 2899 1809 2935 eius
1818 2898 2044 2943 apographon
2053 2897 2150 2938 Pari-

362 2954 489 2998 sinum,
501 2960 538 2990 et
549 2955 818 3001 Berolinensem,
830 2966 935 2999 quem
946 2967 1048 2991 nemo
1060 2960 1166 2991 antea
1177 2956 1384 2991 contulerat.
1430 2956 1499 2990 Hic
1510 2955 1618 2991 codex
1628 2960 1748 2990 autem
1759 2954 1791 2989 ei
1802 2954 1942 2990 fraudes
1952 2952 2048 2997 fecit,
2067 2962 2149 2988 cum

363 3021 443 3045 eum
457 3022 498 3045 ex
512 3009 539 3044 L
554 3011 611 3045 uel
623 3011 742 3054 potius
751 3011 903 3046 Pontani
911 3011 999 3046 libro
1008 3011 1287 3046 contaminatum
1297 3022 1370 3046 esse
1378 3009 1473 3052 (uide
1482 3010 1573 3045 infra
1582 3021 1617 3054 p.
1632 3011 1695 3045 180
1704 3007 1770 3053 sq.)
1780 3021 1851 3045 non
1859 3007 2083 3053 perspexerit,
2094 3011 2151 3043 at·
2221 3009 2225 3013 ’

362 3076 431 3109 que
458 3066 652 3109 complures
670 3066 797 3101 codicis
815 3064 842 3100 L
859 3066 1050 3110 peculiares
1067 3066 1232 3101 lectiones
1250 3066 1378 3101 codicis
1399 3064 1431 3105 Q
1452 3066 1652 3100 testimonio
1670 3064 1867 3100 confirmari
1884 3062 2147 3100 existimauerit.

364 3120 515 3155 Rothius
525 3126 664 3164 praeter
675 3122 749 3156 eosl
757 3121 851 3156 ibros
862 3133 950 3164 quos
961 3121 1124 3156 adhibuit
1135 3122 1297 3156 Osannus
1310 3121 1512 3157 Gudianum
1523 3121 1677 3155 codicem
1688 3120 1726 3155 in
1736 3120 1891 3156 medium
1900 3117 2060 3163 protulit.
2110 3129 2113 3137 ·

451 3177 488 3198 ²¹¹
501 3177 576 3211 Hos
593 3176 728 3211 codices
745 3176 907 3211 adhibuit
924 3177 1241 3212 Reifferscheidius:
1260 3177 1473 3211 -Vaticanum
1494 3177 1576 3211 1862
1593 3174 1664 3218 (V),
1681 3175 1886 3210 Leidensem
1901 3171 1969 3217 (L),
1986 3172 2151 3217 Neapoli·

364 3235 486 3266 tanum
497 3229 572 3274 (N),
586 3231 787 3266 Gudianum
797 3229 872 3274 (G),
885 3232 1093 3266 Vaticanum
1111 3232 1193 3266 1518
1203 3230 1262 3274 (1),
1275 3232 1552 3266 Ottobonianum
1563 3228 1639 3273 (0);
1652 3241 1800 3273 quorum
1812 3229 1877 3264 soli
1887 3227 1915 3263 L
1926 3226 1960 3263 G
1971 3233 2077 3263 antea
2087 3227 2151 3263 ad·
