2340 3840
927 257 961 293 θ

441 347 482 381 78
771 349 838 382 DE
855 349 1147 384 FRAGMENTI
1163 350 1457 409 SVETONIANJ
1473 351 1540 385 DE
1558 350 1903 386 GRAMMATICIS
2150 353 2230 396 [578

442 468 485 502 et
506 461 678 502 militem
698 462 916 514 quendam,
939 462 988 486 ¹¹⁶
1010 476 1104 503 meo
1126 462 1300 514 quidem
1320 462 1478 503 iudicio
1497 463 1644 515 potius
1663 463 1720 504 ad
1741 463 1932 504 codicem
1957 461 1992 504 X
2013 477 2150 517 quam
2169 466 2227 508 ad

442 527 583 580 ipsum
605 515 951 569 Hersfeldensem
971 524 1215 569 referendae
1235 535 1351 570 sunt.

525 594 653 635 Nunc
678 593 986 646 inuestigemus
1013 595 1129 647 quod
1155 595 1300 635 lumen
1326 595 1509 636 aliorum
1533 602 1762 637 auctorum
1789 595 2039 638 testimonia
2068 599 2226 641 nostris

441 659 659 701 codicibus
678 660 908 702 diffundat.
970 661 1018 702 C.
1042 662 1092 702 14
1107 659 1166 713 (p.
1190 661 1280 712 111,
1303 661 1351 702 15
1371 659 1450 713 sq.)
1472 662 1700 703 Suetonius
1724 661 1932 704 nonnulla
1956 676 1979 704 e
2005 663 2227 706 Ciceronis

441 726 624 778 epistula
653 727 710 767 ad
739 727 935 768 Atticum
962 726 1072 777 (XII
1101 721 1173 772 26)
1203 727 1380 780 profert.
1438 728 1687 769 Clausulam
1711 729 1829 781 Quod
1853 729 1954 782 qwia
1968 729 2100 782 facile
2116 730 2226 784 sore·

441 793 508 833 bat
527 793 661 844 Sicca,
683 806 727 834 eo
746 794 878 846 magis
899 794 1019 835 illum
1038 794 1234 845 desidero,
1256 807 1366 847 quae
1385 794 1428 834 in
1450 794 1665 835 Ciceronis
1685 794 1904 836 codicibus
1923 795 2036 837 inter
2053 798 2226 850 prouin-

440 860 506 900 cia
516 868 572 900 est
585 870 627 900 et
644 861 860 901 Praeterea
872 860 1113 911 intercedit,
1126 861 1323 902 consulto
1335 861 1425 902 sine
1439 860 1571 902 dubio
1584 861 1729 902 omisit
1742 861 1988 912 Suetonius;
2000 861 2077 904 sed
2089 863 2224 906 uerba

441 926 581 976 uelim,
600 939 693 967 cum
712 926 817 967 mihi
834 927 903 967 ille
921 927 1130 968 iucundus
1158 925 1310 978 esse‚¹¹⁷
1339 939 1450 979 quae
1479 927 1523 968 in
1553 927 1753 968 omnibus
1782 927 1941 968 nostris
1968 927 2088 970 libris
2118 929 2223 972 defi-

441 991 574 1043 ciunt,
599 992 717 1033 nullo
739 999 870 1044 pacto
893 993 1093 1034 omittere
1115 993 1274 1045 potuit,
1301 1000 1350 1035 ut
1373 993 1467 1045 ipsa
1490 993 1705 1035 sententia
1729 993 1868 1035 docet.
1923 993 2043 1036 Haec
2065 994 2222 1038 lacuna

441 1058 545 1110 quin
569 1058 613 1099 in
638 1058 929 1100 Hersfeldensi
952 1059 1062 1100 libro
1085 1059 1215 1101 fuerit
1239 1073 1366 1101 nemo
1391 1059 1625 1110 dubitabit,
1651 1073 1790 1112 neque
1814 1060 1904 1101 eius
1929 1060 2048 1114 origo
2072 1070 2222 1114 quem-

441 1137 572 1177 quam
590 1125 724 1175 fallet,
744 1125 956 1177 siquidem
975 1126 1107 1166 uerba
1125 1127 1316 1167 molestus
1334 1139 1418 1166 esse
1435 1125 1494 1178 (p.
1512 1127 1603 1177 112,
1621 1124 1656 1176 1)
1678 1133 1721 1168 et
1740 1126 1784 1167 in
1803 1139 1928 1168 uersu
1947 1126 2140 1179 proxime
2158 1141 2222 1170 se-

441 1198 599 1243 quente
619 1192 829 1232 iucundus
849 1204 934 1232 esse
954 1191 1128 1233 librario
1148 1192 1321 1234 fraudes
1342 1193 1549 1234 fecerunt.
1601 1192 1681 1233 His
1702 1199 1851 1234 autem
1872 1193 2014 1234 uerbis
2035 1193 2221 1247 delapsis

440 1270 539 1298 cum
556 1271 640 1298 non
658 1258 788 1310 possit
806 1271 931 1299 sensu
951 1265 1127 1309 careret,
1149 1271 1305 1311 magna
1322 1259 1557 1300 lectionum
1577 1258 1803 1300 diuersitas
1822 1266 1970 1301 exorta
1987 1266 2067 1311 est,
2087 1273 2221 1313 quam

447 1323 544 1364 nfra
568 1324 706 1364 uides:

852 1420 886 1464 Y
1776 1422 1810 1465 X

438 1514 523 1541 non
548 1501 684 1553 possit
711 1498 760 1541 M
795 1479 969 1554 &offla
1019 1500 1059 1543 N
1105 1516 1191 1543 non
1223 1502 1359 1554 possit
1434 1516 1520 1543 non
1539 1503 1676 1554 possit
1694 1501 1846 1554 (possit
1867 1516 1966 1544 corr.
1987 1503 2035 1544 in
2053 1503 2215 1555 possim

679 1565 737 1585 non
753 1565 869 1590 possum

436 1591 612 1630 possum
637 1577 657 1620 l
674 1594 852 1644 possum
895 1578 934 1622 G
959 1594 1128 1633 possem
1153 1577 1187 1620 B
1209 1577 1248 1620 D
1269 1577 1301 1620 L
1328 1577 1360 1621 C
1430 1594 1484 1620 m.
1501 1581 1527 1620 2
1548 1577 1614 1629 W)

435 1660 467 1696 Δ
493 1653 531 1704 Q
569 1646 738 1708 possem
759 1656 793 1699 V
885 1672 1069 1710 possem,
1099 1659 1147 1699 in
1170 1671 1248 1710 mg.
1272 1671 1358 1698 non

434 1736 604 1774 possem
634 1721 674 1765 Κ
723 1725 883 1777 possim
916 1722 958 1765 H
1013 1738 1189 1777 possum
1209 1721 1246 1765 U

436 1824 500 1864 Ex
525 1823 606 1864 hac
631 1824 781 1865 tabula
805 1825 929 1866 facile
953 1824 1181 1876 perspicies
1206 1824 1316 1865 solos
1342 1824 1507 1865 codices
1534 1821 1571 1864 Ο
1599 1821 1650 1864 W
1676 1836 1762 1864 una
1787 1836 1886 1864 cum
1906 1823 2035 1865 tertio
2055 1824 2217 1876 codice,

436 1903 564 1941 quem
584 1889 664 1931 uiri
684 1890 801 1932 docti
819 1891 931 1932 inter
949 1891 1079 1932 libros
1096 1891 1324 1932 deteriores
1344 1890 1498 1931 iniuria
1513 1890 1758 1931 habuerunt
1776 1888 2000 1939 (Venetam
2019 1886 2070 1931 M
2087 1887 2214 1942 dico),

436 1969 582 1996 ueram
598 1956 826 1998 lectionem
843 1957 1004 1999 sincere
1021 1957 1227 2009 scriptam
1245 1957 1453 1999 exhibere.
1503 1958 1621 1997 Inter
1638 1956 1716 1998 has
1733 1956 1966 1998 uarietates
1983 1969 2071 1997 non
2087 1955 2216 1998 facile

434 2022 658 2063 diiudicari
678 2030 824 2075 potest
846 2037 956 2076 quae
978 2024 1059 2065 hoc
1080 2024 1174 2065 loco
1194 2024 1324 2065 fuerit
1345 2023 1571 2075 archetypi
1591 2023 1735 2064 facies.
1787 2023 1959 2074 Duplex
1980 2022 2107 2064 lectio
2131 2036 2215 2064 non

433 2090 580 2140 possit:
601 2096 761 2141 possem
784 2090 1075 2131 Hersfeldensi
1095 2090 1205 2131 libro
1226 2089 1501 2139 uindicanda,
1524 2096 1666 2130 cetera
1687 2088 1862 2141 singulis
1883 2088 2068 2130 librariis
2089 2089 2213 2132 attri-

434 2155 606 2196 buenda
627 2156 731 2196 mihi
752 2156 967 2197 uidentur.

519 2221 567 2262 C.
592 2222 642 2262 25
664 2221 723 2274 (p.
750 2223 841 2273 119,
867 2223 916 2263 13
938 2220 1018 2275 sq.)
1044 2222 1271 2264 Suetonius
1294 2228 1468 2263 senatus
1491 2222 1737 2262 consultum
1758 2221 1949 2273 itemque
1971 2221 2211 2263 censorium

433 2287 624 2328 edictum
638 2289 815 2339 profert,
834 2302 944 2341 quae
961 2289 1135 2341 quidem
1149 2289 1268 2340 apud
1286 2289 1484 2338 Gellium,
1501 2289 1585 2329 XV
1603 2288 1667 2338 11,
1684 2287 1976 2329 inueniuntur.
2021 2288 2075 2328 In
2087 2299 2210 2329 sena-

433 2360 503 2393 tus
521 2354 717 2395 consulto
733 2353 792 2407 (p.
815 2356 905 2406 120,
926 2353 966 2405 2)
985 2355 1148 2396 familia
1168 2352 1203 2395 X
1220 2355 1350 2405 uti,11⁸
1367 2354 1531 2395 familia
1549 2350 1583 2394 Y
1599 2360 1645 2394 ut
1661 2355 1701 2394 si
1717 2353 1921 2395 ostendit.
1969 2353 2082 2394 Cum
2100 2352 2211 2395 Gelli

433 2419 598 2460 codices
621 2434 720 2461 cum
741 2421 905 2462 familia
930 2418 965 2462 X
987 2421 1172 2471 faciant,
1188 2435 1275 2462 non
1297 2428 1362 2462 est
1386 2421 1567 2461 dubium
1589 2420 1694 2472 quin
1714 2420 1832 2461 locus
1853 2419 1915 2460 sic
1935 2418 2210 2461 scribendum

431 2485 505 2526 sit:
522 2487 585 2526 uti
600 2488 674 2527 eie
690 2501 731 2527 re
747 2488 914 2539 publica
921 2489 1084 2541 fideque
1100 2500 1179 2528 sua
1194 2488 1414 2528 uideretur.
1460 2487 1617 2530 Vtrum
1633 2492 1678 2527 ut
1693 2487 1732 2527 si
1747 2485 1994 2532 coniectura
2009 2485 2077 2527 uel
2093 2498 2208 2526 error

431 2551 560 2592 fuerit
584 2552 731 2594 librari
755 2550 790 2593 Y
815 2566 870 2594 an
895 2554 1022 2595 lectio
1048 2554 1204 2606 duplex
1227 2555 1309 2594 uti:
1334 2559 1379 2593 ut
1403 2554 1442 2594 si
1466 2553 1510 2593 in
1535 2552 1826 2593 Hersfeldensi
1850 2551 1996 2593 codice
2020 2557 2208 2593 exstaret

430 2617 535 2658 nihil
558 2625 623 2659 est
647 2620 763 2671 quod
787 2620 953 2661 doceat.
1006 2621 1058 2660 In
1081 2619 1271 2660 censorio
1294 2619 1436 2661 edicto
1457 2618 1516 2671 (p.
1544 2619 1635 2669 120,
1659 2616 1700 2669 4)
1724 2618 1912 2659 familiae
1935 2613 1970 2658 Y
1991 2617 2090 2660 libri
2109 2618 2208 2659 item

428 2684 680 2735 dixerunt‚¹1⁹
702 2683 739 2726 Ο
760 2686 987 2736 edixerunt,
1010 2683 1061 2726 W
1081 2692 1229 2727 autem
1248 2686 1292 2726 in
1314 2692 1435 2727 textu
1453 2686 1704 2726 tredixerunt
1723 2684 1767 2725 in
1788 2683 1978 2736 margine
1997 2683 2131 2725 etiam
2148 2683 2206 2724 ab

427 2750 579 2791 eadem
599 2764 731 2792 manu
751 2747 964 2793 &dixerunt
983 2752 1162 2804 profert.
1217 2752 1414 2793 Genuina
1445 2751 1658 2804 scriptura
1688 2752 1749 2791 ita
1779 2751 1992 2791 edixerunt
2003 2749 2058 2775 ²²⁰
2088 2749 2206 2802 apud

513 2859 555 2881 ²¹⁸
566 2858 655 2894 Vide
668 2871 774 2903 supra
788 2872 823 2904 p.
839 2862 894 2895 43.
940 2861 1023 2896 Non
1037 2860 1162 2896 dubito
1177 2860 1264 2903 quin
1278 2861 1442 2903 quendam
1456 2860 1493 2895 in
1509 2858 1542 2895 0
1557 2860 1603 2895 ab
1618 2859 1710 2894 illius
1724 2857 1865 2894 librario
1879 2857 2131 2902 interpolatum
2144 2856 2205 2900 tit,

423 2917 466 2948 ut
479 2924 559 2948 cum
573 2915 681 2949 uerbo
695 2916 834 2950 militem
847 2916 1082 2951 concinnaret.
1731 2939 1734 2941 -

512 2969 551 2991 ¹¹⁷
563 2970 671 3004 Haud
681 2975 775 3006 recte
785 2971 932 3006 uerbum
942 2983 1011 3006 mm
1021 2970 1175 3014 proxime
1186 2981 1334 3013 sequens
1344 2970 1559 3006 incluserunt
1569 2969 1721 3005 Rothius
1731 2967 2115 3011 Reifferscheidiusque.

511 3025 551 3047 ¹¹⁸
562 3025 614 3059 uti
625 3026 724 3059 eicere
735 3037 806 3060 non
817 3030 854 3060 ut
866 3026 976 3069 eicere,
989 3031 1031 3061 ut
1042 3025 1344 3061 Reifferscheidius
1356 3030 1519 3069 testatur,
1531 3025 1569 3060 in
1580 3023 1613 3060 Ο
1625 3025 1760 3068 legitur.

510 3080 548 3102 ¹¹⁹
559 3080 603 3114 In
619 3078 651 3119 Q
666 3085 703 3115 et
716 3080 868 3116 editione
880 3082 1015 3116 Veneta
1031 3080 1126 3124 1474,
1141 3092 1232 3124 quae
1245 3081 1355 3115 codici
1371 3079 1402 3120 Q
1417 3079 1663 3124 cognatissima
1675 3083 1741 3122 eet,
1754 3089 1838 3114 uera
1850 3078 1955 3114 lectio
1968 3078 2018 3112 ita
2030 3078 2203 3112 edixerunt
2251 3087 2256 3092 ·

422 3145 442 3169 e
454 3134 566 3170 Gellio
577 3141 742 3170 reuocata
751 3141 815 3171 est.
849 3135 876 3171 L
897 3148 916 3172 e
937 3137 1088 3172 Pontani
1098 3137 1305 3179 coniectura,
1316 3141 1358 3171 ut
1368 3136 1517 3179 uidetur,
1528 3137 1578 3170 ita
1586 3136 1741 3170 dixerunt
1750 3134 1916 3169 ostendit.

511 3191 550 3212 ¹²⁰
560 3191 610 3227 ita
623 3191 778 3226 dixerunt
792 3192 829 3226 in
845 3192 935 3227 Gelli
949 3192 1049 3227 codd.
1066 3193 1097 3235 Q
1112 3196 1155 3227 11.
