2340 3840
430 353 470 386 16
755 352 822 386 DE
839 352 867 385 F
869 351 1132 386 RAGMENTI
1148 351 1442 386 SVETONIANI
1459 351 1526 386 DE
1543 351 1888 388 GRAMMATICIS
2138 353 2216 396 [⁵1⁶

513 464 699 506 Cornelii
719 464 843 506 taciti
861 463 1056 517 dialogus
1076 463 1129 505 de
1148 463 1393 506 oratoribus
1411 463 1580 517 incipit:

567 532 674 583 Sepe
693 545 744 572 ex
763 544 831 572 me
850 530 1030 583 requiris
1049 530 1161 571 iuste
1180 529 1284 582 fabi,
1304 542 1381 571 cur
1398 543 1498 571 cum
1516 530 1661 583 priora
1680 530 1823 572 secula
1842 536 1911 573 tot
1929 531 2214 574 eminentium

566 603 789 638 oratorum
833 596 1013 649 ingeniis
1057 596 1277 649 gloriaque
1320 596 1557 648 floruerint,
1603 602 1752 638 nostra
1795 597 2071 650 potissimum
2119 603 2215 640 etas

566 663 736 704 deserta
755 669 799 705 et
817 663 945 704 laude
965 662 1208 716 eloquentie
1224 663 1378 704 orbata
1397 663 1469 704 vix
1485 675 1642 704 nomen
1657 663 1799 716 ipsum
1815 663 1997 705 oratoris
2013 663 2212 707 retineat.

565 796 679 837 finit:
737 809 869 849 quam
895 795 1143 848 ingentibus
1169 795 1312 837 verbis
1337 802 1671 849 prosequuntur.
1732 797 1844 838 Cum
1870 796 1927 838 ad
1952 808 2078 847 veros
2101 795 2214 840 iudi·

566 876 634 904 ces
668 869 862 904 ventum.
919 862 1073 904 deinde
1106 862 1318 915 sequitur:
1377 876 1465 903 rem
1498 862 1700 915 cogitare,
1731 862 1837 903 nihil
1869 862 2088 904 abiectum
2107 862 2215 905 nihil

565 929 738 970 humile.
796 935 897 982 post
913 928 991 970 hec
1009 935 1248 981 sequuntur
1267 928 1370 969 folia
1390 929 1476 969 duo
1499 941 1597 969 cum
1615 928 1806 970 dimidio.
1864 934 1909 970 et
1928 929 2044 971 finit:
2101 929 2214 972 Cum

565 995 818 1037 adrisissent
832 995 863 1020 ²⁴
880 995 1166 1036 discessimus,

511 1061 704 1104 Suetonii
737 1061 959 1114 tranquilli
980 1061 1033 1103 de
1054 1061 1346 1114 grammaticis
1367 1067 1412 1102 et
1432 1060 1674 1102 rhetoribus
1695 1060 1814 1103 liber.
1872 1061 2051 1115 Incipit:

567 1127 863 1169 Grammatica
878 1140 996 1169 rome
1013 1127 1150 1168 necin
1166 1141 1247 1168 usu
1264 1127 1439 1180 quidem
1455 1127 1571 1179 olim,
1588 1127 1748 1168 nedum
1764 1128 1808 1168 in
1823 1127 1986 1170 honore
2001 1127 2090 1170 ullo
2105 1134 2214 1181 erat,

564 1194 682 1235 rudis
706 1194 867 1235 scilicet
890 1207 941 1235 ac
964 1194 1168 1235 bellicosa
1191 1193 1324 1235 etiam
1349 1200 1442 1235 tum
1468 1193 1647 1235 ciuitate
1671 1193 1856 1235 necdum
1881 1207 2140 1248 magnopere
2162 1194 2212 1236 li-

564 1260 781 1301 beralibus
811 1260 1046 1313 disciplinis
1076 1267 1274 1301 vacante.

509 1327 628 1379 Opus
647 1326 848 1367 foliorum
866 1333 1031 1379 septem
1049 1327 1094 1367 in
1112 1326 1390 1367 columnellis
1449 1325 1545 1367 finit
1562 1326 1771 1379 perprius.
1830 1328 1889 1369 Et
1906 1339 2052 1369 rursus
2079 1325 2127 1369 in
2142 1339 2214 1369 co·

564 1393 755 1446 gnitione
774 1392 888 1434 cedis
907 1392 1138 1434 mediolani
1151 1393 1268 1445 apud
1286 1392 1447 1434 lucium
1458 1392 1654 1445 pisonem
1666 1393 1965 1445 proconsulem
1979 1392 2214 1436 defendens

565 1473 698 1511 reum,
726 1473 825 1500 cum
851 1458 1101 1500 cohiberent
1125 1459 1297 1500 lictores
1323 1458 1477 1500 nimias
1503 1459 1776 1500 laudantium
1802 1472 1943 1511 voces,
1969 1459 2034 1502 ita
2057 1472 2211 1502 excan-

566 1525 742 1576 duisset‚
769 1532 819 1567 ut
843 1525 1068 1578 deplorato
1092 1525 1219 1567 Italie
1242 1532 1363 1567 statu
1388 1525 1511 1578 quasi
1533 1525 1691 1567 iterum
1714 1525 1760 1566 in
1782 1525 1968 1567 formam
1990 1525 2211 1580 prouincie

565 1592 828 1644 redigeretur
854 1593 934 1633 .M.
963 1593 1146 1644 Insuper
1171 1592 1350 1633 brutum
1376 1591 1496 1633 cuius
1522 1598 1671 1633 statua
1695 1592 1741 1633 in
1767 1599 2001 1645 conspectu
2026 1598 2121 1634 erat
2145 1592 2211 1634 in-

567 1665 741 1700 uocaret
764 1660 932 1710 Regum
952 1671 1003 1699 ac
1023 1657 1237 1699 libertatis
1258 1665 1480 1700 auctorem
1501 1671 1551 1699 ac
1572 1658 1800 1700 vindicem.
1849 1658 2026 1702 Ultimo
2045 1659 2211 1712 Imper-

565 1724 680 1766 fecto
702 1724 958 1765 columnello
980 1724 1094 1765 finit:
1152 1724 1226 1765 diu
1249 1737 1299 1766 ac
1322 1738 1439 1765 more
1461 1725 1757 1766 concionantis
1779 1725 1973 1778 redditis,
1995 1725 2210 1767 abstinuit

566 1791 676 1832 cibo.

511 1857 693 1899 Videtur
708 1857 754 1898 in
769 1857 842 1898 illo
860 1870 986 1910 opere
1005 1857 1234 1898 Suetonius
1251 1857 1427 1898 innuere
1444 1870 1592 1898 omnes
1609 1857 1695 1899 fere
1712 1857 1904 1899 rhetores
1921 1864 1965 1900 et
1984 1857 2209 1900 Gramma·

567 1923 649 1965 tice
665 1923 938 1976 professores,
957 1923 1194 1976 desperatis
1209 1923 1396 1965 fortunis
1411 1923 1600 1965 finiuisse
1616 1924 1767 1966 vitam.

511 1990 625 2041 Quin
643 1990 776 2031 codex
796 2003 924 2042 quem
943 1990 1054 2031 uidit
1074 1990 1356 2031 Decembrius
1374 1990 1489 2032 idem
1507 1990 1637 2031 fuerit
1655 1996 1788 2043 atque
1807 1990 2120 2032 Hersfeldensis
2138 2003 2209 2032 co-

429 2057 522 2108 dex,
543 2057 663 2097 cuius
683 2056 913 2109 descriptio
933 2057 976 2098 N
978 2056 1103 2097 icolai
1122 2056 1432 2098 commentario
1451 2056 1710 2108 continetur,
1732 2069 1820 2098 non
1838 2056 2029 2098 dubitari
2041 2062 2205 2111 potest.

429 2123 593 2164 Eadem
615 2122 821 2175 opuscula
842 2122 993 2164 eodem
1014 2122 1162 2164 ordine
1184 2123 1406 2176 disposita,
1430 2123 1605 2165 eaedem
1626 2122 1714 2164 fere
1733 2123 2046 2176 inscriptiones,
2068 2122 2207 2166 eidem

427 2188 628 2230 foliorum
656 2189 822 2230 numeri
849 2188 1025 2240 singulis
1052 2189 1252 2242 operibus
1280 2190 1539 2241 Germaniae,
1568 2190 1796 2242 Agricolae,
1825 2191 1888 2230 De
1914 2190 2207 2232 Grammaticis

428 2261 464 2296 et
476 2256 719 2296 Rhetoribus
733 2255 948 2306 attributi,
965 2255 1110 2296 omnia
1123 2262 1271 2308 aperte
1286 2256 1587 2298 demonstrant
1602 2255 1907 2297 Decembrium
1920 2256 2063 2309 ipsum
2077 2256 2207 2298 Hers-

427 2321 661 2363 seldensem
679 2321 870 2363 codicem
887 2321 1132 2374 inspexisse.
1193 2322 1474 2363 Decembrius
1503 2328 1651 2364 autem
1669 2322 1808 2364 multo
1835 2322 2116 2375 copiosiorem
2134 2321 2207 2365 de·

426 2387 702 2441 scriptionem
716 2387 838 2428 nobis
851 2387 1036 2440 reliquit,
1053 2387 1211 2440 quippe
1225 2388 1299 2440 qui
1313 2388 1463 2439 titulis,
1477 2388 1678 2429 foliorum
1690 2387 1890 2440 numeris,
1904 2387 2054 2442 primis
2066 2388 2208 2430 uerbis'

428 2454 761 2506 uniuscuiusque
782 2454 977 2506 opusculi
998 2454 1260 2495 adnotandis
1281 2467 1369 2495 non
1390 2461 1621 2496 contentus
1642 2454 1785 2506 fuerit,
1808 2454 1884 2509 sed
1904 2455 2036 2496 libros
2056 2454 2207 2508 legisse

427 2520 640 2572 uideatur,
656 2526 788 2573 atque
802 2519 936 2561 uerba
950 2520 1106 2573 quibus
1120 2520 1287 2573 singula
1301 2534 1430 2573 opera
1446 2521 1779 2562 terminarentur
1791 2521 2034 2574 protulerit.
2092 2521 2207 2573 Quin

427 2587 560 2628 etiam
574 2586 897 2628 obseruationes
913 2586 966 2628 de
981 2599 1058 2627 suo
1074 2586 1256 2638 addidit,
1273 2593 1406 2639 atque
1421 2587 1579 2628 indicia
1595 2587 1647 2628 de
1662 2587 1819 2628 codicis
1833 2587 1943 2629 facie
1958 2593 2091 2640 atque
2106 2599 2207 2629 con-

427 2653 593 2694 dicione
611 2653 744 2704 dedit,
762 2653 876 2694 inter
893 2665 1003 2705 quae
1020 2652 1102 2693 hoc
1119 2653 1295 2694 maximi
1311 2653 1560 2695 habendum
1577 2660 1644 2694 est
1662 2653 1779 2706 quod
1796 2666 1926 2706 opera
1941 2653 1987 2694 in
2003 2653 2206 2695 columel-

425 2719 476 2760 lis
502 2719 663 2772 scripta
688 2733 779 2760 esse
806 2725 1006 2760 testatur.
1065 2720 1167 2760 Non
1193 2726 1259 2760 est
1285 2720 1588 2761 admirandum
1614 2719 1650 2760 si
1676 2719 1846 2761 Nicolai
1871 2719 2206 2762 commentarius

423 2798 527 2838 prae
547 2785 776 2826 Decembri
795 2785 1019 2826 notatione
1039 2785 1287 2826 testimonia
1301 2786 1407 2827 satis
1423 2785 1580 2827 uitiosa
1595 2785 1779 2837 exhibet,
1797 2786 1917 2827 uelut
1931 2786 1977 2826 in
1991 2786 2207 2838 Agricolae

424 2851 572 2904 primis
594 2851 735 2892 uerbis
757 2852 957 2892 uniuersa
986 2864 1065 2904 pro
1094 2852 1319 2903 incuriosa,
1355 2865 1456 2893 nam
1488 2852 1621 2904 ipsius
1654 2851 1884 2893 Decembri
1915 2851 2049 2893 uerba
2080 2857 2205 2894 auto-

424 2919 588 2972 grapha
601 2918 825 2970 habemus,
841 2931 940 2959 cum
955 2925 1103 2960 tamen
1117 2918 1287 2960 Nicolai
1300 2919 1635 2961 commentarius
1650 2925 1764 2960 certe
1778 2919 1872 2960 fata
1884 2918 2099 2972 iniquiora
2111 2929 2206 2972 per-

423 2998 571 3037 pessus
600 2991 679 3026 est.
737 2985 891 3038 Neque
920 2991 1068 3026 tamen
1097 2985 1432 3026 commentarius
1461 2985 1531 3027 ille
1559 2985 1823 3038 spernendus
1852 2991 1932 3036 est,
1961 2997 2076 3036 cum,
2103 2984 2206 3027 licet

424 3049 705 3093 Decembrius
726 3051 809 3092 tria
827 3051 1036 3104 opuscula
1055 3050 1235 3092 Tacitea
1254 3058 1298 3093 et
1318 3052 1497 3092 Suetoni
1515 3052 1807 3104 fragmentum
1825 3050 1870 3092 in
1889 3051 2041 3092 eodem
2060 3050 2206 3092 codice

423 3117 553 3158 fuisse
568 3117 737 3168 innuat,
756 3117 837 3158 hoe
854 3123 971 3158 certo
989 3116 1215 3158 diiudicari
1231 3117 1428 3170 nequiret
1444 3117 1527 3158 nisi
1544 3117 1713 3159 Nicolai
1729 3115 1863 3158 uerba
1883 3118 1988 3158 Item
2003 3117 2052 3158 in
2069 3117 2205 3158 eodem

509 3214 536 3236 ¹⁸
547 3214 633 3249 Post
644 3214 840 3249 adrisissent
851 3213 1014 3257 primitus
1025 3225 1141 3249 surrex
1152 3213 1321 3258 scriptum
1332 3219 1408 3249 erat
1419 3214 1544 3248 deinde
1555 3214 1721 3250 deletum.
