2340 3840
406 312 451 345 84
739 311 806 345 DE
823 310 1115 346 FRAGMENTI
1131 311 1426 347 SVETONIANI
1441 312 1509 347 DE
1526 312 1871 349 GRAMMATICIS
2116 314 2192 357 [584

411 436 508 464 men
527 421 770 464 existimare
790 436 857 464 me
875 435 1137 475 praenomen
1159 424 1207 464 L.
1228 423 1328 464 huic
1345 424 1629 477 grammatico
1647 424 1792 466 indere
1811 424 1932 467 uelle.
1981 425 2078 467 Hoc
2094 425 2190 468 loco

408 488 504 529 libri
525 488 754 530 deteriores
777 481 816 530 K
840 485 882 529 H
905 485 938 530 C
955 491 990 530 Δ
1016 486 1055 537 Q
1084 489 1230 542 aliquo
1250 496 1352 532 sunt
1372 490 1526 543 pretio,
1547 503 1635 532 non
1657 490 1774 543 quod
1793 503 1942 533 ueram
1960 490 2191 534 lectionem

408 554 661 607 praebeant,
686 554 760 596 sed
785 555 903 607 quod
925 568 1003 596 nos
1029 556 1259 608 quominus
1282 555 1327 597 in
1351 569 1539 598 errorem
1562 556 1813 598 delabamur
1837 556 2081 610 prohibent.
2138 558 2188 600 L.

408 620 568 671 littera,
594 627 644 662 ut
670 620 775 662 mihi
800 621 986 673 uidetur,
1012 621 1057 662 in
1081 622 1271 674 aliquem
1294 622 1645 675 antiquissimum
1670 622 1861 664 codicem
1885 622 1989 665 olim
2012 623 2192 677 inrepsit

406 693 584 740 propter
601 687 896 729 confusionem
913 687 1025 729 inter
1044 688 1062 729 l'
1080 695 1124 730 et
1141 689 1170 740 l,
1186 687 1250 730 ita
1267 688 1423 730 utiam
1440 689 1484 730 in
1503 688 1795 731 Hersfeldensi
1812 688 1958 731 codice
1976 689 2191 742 quaedam

408 752 536 794 lectio
555 753 712 806 duplex
731 754 758 794 l.
779 754 962 795 taber-ius
981 761 1026 796 et
1045 754 1246 796 staberius
1265 761 1445 797 extaret.

490 819 559 860 De
577 819 637 860 eis
657 832 768 872 quae
787 819 831 861 in
851 820 1002 862 eodem
1020 820 1163 873 capite
1182 828 1422 873 sequuntur
1441 821 1708 874 singulorum
1726 821 1924 862 codicum
1942 821 2193 864 testimonia

407 885 576 927 diuersa
593 885 734 938 primo
753 899 980 939 exponam,
1008 886 1162 928 deinde
1182 887 1287 939 quid
1307 901 1402 929 meo
1428 887 1587 929 iudicio
1606 901 1629 929 e
1648 893 1775 929 tanta
1792 887 2006 940 farragine
2024 886 2192 930 elicien-

407 951 511 992 dum
531 951 587 993 sit
606 952 782 993 docebo.

818 1025 853 1070 Y
1744 1026 1780 1071 X

405 1108 499 1138 eros
525 1101 724 1138 nametra
750 1102 975 1148 empturus
1002 1092 1044 1137 N
1333 1097 1457 1139 heros
1472 1103 1671 1138 nametra
1686 1102 1859 1149 emptus
1876 1093 1915 1138 Ο

403 1161 515 1213 (eros
533 1159 628 1212 om.)
649 1168 847 1204 nametra
865 1168 1045 1215 epturus
1063 1159 1085 1203 1
1334 1176 1428 1206 eros
1448 1169 1648 1205 nametra
1668 1169 1841 1215 emptus
1863 1159 1916 1204 W

514 1218 581 1247 hero
591 1227 644 1247 suo
656 1222 746 1247 mette
758 1222 872 1252 emptus

405 1268 502 1298 eros
523 1260 723 1297 nametra
745 1261 969 1308 empturus
988 1247 1028 1292 G

405 1318 530 1360 heros
549 1324 746 1360 nametra
764 1317 1043 1370 empturus²⁵⁸
1064 1317 1113 1358 in
1134 1331 1214 1370 mg.

403 1382 505 1434 (m.2
528 1383 576 1424 in
601 1380 667 1433 M)
691 1382 794 1424 hero
817 1396 895 1424 suo
920 1389 1055 1436 mette
1068 1381 1190 1434 (met'
1208 1379 1263 1434 K)

406 1455 580 1502 emptus
602 1446 651 1490 M
674 1446 714 1490 K

515 1508 535 1540 Ι)
547 1510 742 1535 mnametra

405 1549 508 1591 hero
527 1562 606 1591 suo
627 1549 784 1591 Metre.
835 1555 1008 1601 emptus
1028 1546 1063 1590 V

405 1615 508 1657 hero
526 1627 606 1658 suo
626 1620 775 1657 mette.
797 1621 990 1668 emptus‚·
1009 1615 1059 1657 in
1078 1629 1206 1669 marg.

405 1681 730 1723 herosnametra
750 1677 782 1722 L

405 1748 505 1790 here
524 1760 604 1789 suo
625 1748 769 1789 Metre
789 1754 962 1800 emptus
981 1745 1016 1789 B

406 1814 509 1856 hero
528 1827 608 1856 suo
627 1826 790 1855 morem
811 1820 983 1866 emptus
1005 1811 1044 1854 D

405 1881 537 1960 {13:3³3
550 1926 629 1955 suo
661 1912 831 1965 (lacuna
859 1913 993 1955 decem
1028 1914 1119 1968 sere
1161 1914 1266 1956 litte-

404 1977 561 2031 rarum)
581 1985 807 2033 empturus
827 1986 1026 2022 nametra
1047 1977 1090 2021 H

405 2046 508 2088 hero
530 2052 703 2099 emptus
724 2044 878 2099 (spatio
900 2059 1034 2088 uacuo
1057 2052 1266 2100 quattuor-

405 2113 535 2155 decim
543 2114 633 2166 sere
652 2116 727 2155 litt.
747 2109 985 2167 praemisso)
1011 2111 1048 2155 U

406 2178 524 2220 hiero
561 2192 640 2220 suo
671 2185 997 2231 meneaemptus
1032 2179 1155 2221 heros
1190 2192 1265 2221 na-

406 2245 539 2286 m&ra
557 2243 612 2295 (?)
634 2251 859 2297 empturus
880 2242 913 2286 C
955 2263 959 2266 ’

406 2311 524 2352 hiero
554 2325 633 2352 suo
660 2324 812 2353 menea
837 2317 1011 2364 emptus
1042 2312 1167 2354 heros
1199 2324 1265 2353 ra-

407 2384 527 2418 mata
553 2384 778 2430 empturus
802 2381 835 2418 Δ

407 2443 760 2485 hierausuomene
787 2450 960 2496 emptus
994 2444 1118 2485 heros
1148 2457 1265 2496 emp-

407 2516 531 2550 turus
558 2507 597 2557 Q
1088 2507 1095 2517 ⁴

407 2582 579 2628 emptus
600 2582 691 2628 post
713 2577 960 2627 decatasta,·
981 2582 1066 2618 cett.
1091 2577 1210 2618 omis.
1234 2573 1266 2617 F

491 2677 766 2728 Quamquam
785 2677 866 2718 hae
885 2677 1123 2728 scripturae
1143 2677 1376 2718 uarietates
1397 2676 1440 2716 in
1460 2676 1550 2716 sola
1569 2675 1734 2716 familia
1754 2671 1787 2715 Y
1806 2674 2100 2728 inueniuntur,
2121 2672 2192 2714 uix

408 2742 588 2782 dubium
607 2743 712 2783 mihi
730 2743 915 2793 uidetur,
936 2744 1040 2795 quin
1057 2743 1186 2784 lectio
1204 2743 1360 2795 duplex
1378 2755 1465 2782 eros
1483 2747 1690 2783 nametra:
1708 2741 1802 2781 hero
1819 2753 1894 2781 suo
1917 2744 2039 2788 metro
2063 2738 2192 2780 Hers-

349 2852 352 2855 ,
408 2808 587 2849 feldensi
604 2809 713 2849 libro
731 2810 990 2862 assignanda
1008 2810 1077 2851 sit.
1126 2809 1284 2851 Vtrum
1301 2809 1438 2850 altera
1455 2809 1584 2850 lectio
1603 2807 1759 2860 duplex
1776 2812 1959 2858 emptus:
1976 2810 2191 2858 empturus

409 2874 547 2916 eidem
564 2875 799 2927 archetypo
818 2875 1079 2917 uindicanda
1095 2876 1166 2926 sit,
1184 2889 1240 2916 an
1257 2875 1363 2916 haec
1381 2875 1567 2916 uarietas
1585 2874 1629 2915 in
1646 2873 1736 2915 sola
1751 2871 1917 2914 familia
1933 2868 1968 2912 Y
1984 2870 2192 2924 originem

410 2940 622 2991 habuerit,
650 2954 735 2981 non
763 2941 825 2982 ita
850 2942 977 2993 plane
1003 2948 1193 2992 constat,·
1217 2954 1355 2993 neque
1382 2953 1640 2993 magnopere
1665 2939 1722 2980 ad
1747 2952 1838 2980 rem
1861 2937 2065 2990 pertinet,
2092 2949 2192 2979 cum

409 3006 514 3047 nihil
541 3020 590 3047 ex
618 3007 828 3048 uocabulo
855 3013 1067 3060 empturus
1094 3008 1363 3049 efficiendum
1390 3007 1459 3048 sit.
1517 3006 1561 3048 Si
1587 3006 1845 3047 uarietatem
1870 3017 1958 3045 eros
1976 3007 2191 3047 namma.-

409 3073 501 3113 hero
521 3086 596 3113 suo
618 3077 738 3121 metre
752 3074 1171 3125 perlustrauerimus‚
1188 3074 1394 3114 continuo
1411 3072 1639 3126 apparebit
1655 3084 1827 3113 omnem
1843 3069 2189 3111 emendationem

495 3170 538 3192 ¹⁸⁸
550 3173 679 3213 emptus
689 3169 726 3205 in
737 3165 867 3213 emptas
877 3171 1033 3206 mutauit
1042 3171 1155 3207 altera
1166 3182 1291 3206 manus
1301 3170 1338 3205 in
1349 3169 1404 3206 M.
