<?xml version="1.0" encoding="UTF-8"?>
<!DOCTYPE html PUBLIC "-//W3C//DTD XHTML 1.0 Transitional//EN"
    "http://www.w3.org/TR/xhtml1/DTD/xhtml1-transitional.dtd">
<html xmlns="http://www.w3.org/1999/xhtml" xml:lang="en" lang="en">
 <head>
  <title>
</title>
<meta http-equiv="Content-Type" content="text/html;charset=utf-8" />
  <meta name='ocr-system' content='tesseract 3.04.00' />
  <meta name='ocr-capabilities' content='ocr_page ocr_carea ocr_par ocr_line ocrx_word'/>
</head>
<body>
  <div class='ocr_page' id='page_1' title='image "./defragmentisueto00robiuoft_0025.png"; bbox 0 0 2340 3840; ppageno 0'>
   <div class='ocr_carea' id='block_1_1' title="bbox 151 363 1956 414">
    <p class='ocr_par' dir='ltr' id='par_1_1' title="bbox 151 363 1956 414">
     <span class='ocr_line' id='line_1_1' title="bbox 151 363 1956 414; baseline 0.001 -8"><span class='ocrx_word' id='word_1_1' title='bbox 151 369 231 414; x_wconf 77' lang='lat'>5211</span> <span class='ocrx_word' id='word_1_2' title='bbox 553 370 617 403; x_wconf 86' lang='lat' dir='ltr'><strong>ET</strong></span> <span class='ocrx_word' id='word_1_3' title='bbox 633 369 943 405; x_wconf 75' lang='lat' dir='ltr'>RHE&#39;PORIBVS</span> <span class='ocrx_word' id='word_1_4' title='bbox 959 363 1188 405; x_wconf 83' lang='lat' dir='ltr'>CODICVM</span> <span class='ocrx_word' id='word_1_5' title='bbox 1204 369 1343 405; x_wconf 89' lang='lat' dir='ltr'><strong>NEXV</strong></span> <span class='ocrx_word' id='word_1_6' title='bbox 1358 369 1424 403; x_wconf 86' lang='lat' dir='ltr'><strong>ET</strong></span> <span class='ocrx_word' id='word_1_7' title='bbox 1439 370 1555 404; x_wconf 80' lang='lat' dir='ltr'><strong>FIDE</strong></span> <span class='ocrx_word' id='word_1_8' title='bbox 1915 371 1956 407; x_wconf 83' lang='lat'><strong>21</strong></span> 
     </span>
    </p>
   </div>
   <div class='ocr_carea' id='block_1_2' title="bbox 118 481 1961 2887">
    <p class='ocr_par' dir='ltr' id='par_1_2' title="bbox 153 481 1957 794">
     <span class='ocr_line' id='line_1_2' title="bbox 154 481 1957 537; baseline -0.001 -11"><span class='ocrx_word' id='word_1_9' title='bbox 154 483 271 536; x_wconf 77' lang='lat' dir='ltr'><strong>tulit,</strong></span> <span class='ocrx_word' id='word_1_10' title='bbox 297 483 373 536; x_wconf 90' lang='lat' dir='ltr'><strong>qui</strong></span> <span class='ocrx_word' id='word_1_11' title='bbox 398 483 510 525; x_wconf 88' lang='lat' dir='ltr'><strong>mihi·</strong></span> <span class='ocrx_word' id='word_1_12' title='bbox 529 483 667 536; x_wconf 88' lang='lat' dir='ltr'><strong>magis</strong></span> <span class='ocrx_word' id='word_1_13' title='bbox 691 482 991 525; x_wconf 90' lang='lat' dir='ltr'><strong>aestimandus</strong></span> <span class='ocrx_word' id='word_1_14' title='bbox 1016 481 1192 524; x_wconf 90' lang='lat' dir='ltr'><strong>videtur</strong></span> <span class='ocrx_word' id='word_1_15' title='bbox 1216 494 1351 534; x_wconf 91' lang='lat' dir='ltr'><strong>quam</strong></span> <span class='ocrx_word' id='word_1_16' title='bbox 1376 481 1612 535; x_wconf 89' lang='lat' dir='ltr'><strong>quicquam</strong></span> <span class='ocrx_word' id='word_1_17' title='bbox 1636 482 1754 524; x_wconf 89' lang='lat' dir='ltr'><strong>aliud</strong></span> <span class='ocrx_word' id='word_1_18' title='bbox 1779 483 1836 525; x_wconf 87' lang='lat' dir='ltr'><strong>ab</strong></span> <span class='ocrx_word' id='word_1_19' title='bbox 1862 483 1957 537; x_wconf 88' lang='lat' dir='ltr'><strong>ipso</strong></span> 
     </span>
     <span class='ocr_line' id='line_1_3' title="bbox 153 548 1957 603; baseline -0.001 -10"><span class='ocrx_word' id='word_1_20' title='bbox 153 549 366 593; x_wconf 74' lang='lat' dir='ltr'><strong>adlatum.</strong></span> <span class='ocrx_word' id='word_1_21' title='bbox 427 550 510 593; x_wconf 86' lang='lat' dir='ltr'><strong>Sed</strong></span> <span class='ocrx_word' id='word_1_22' title='bbox 526 564 627 592; x_wconf 89' lang='lat' dir='ltr'><strong>eum</strong></span> <span class='ocrx_word' id='word_1_23' title='bbox 643 549 719 603; x_wconf 91' lang='lat' dir='ltr'><strong>qui</strong></span> <span class='ocrx_word' id='word_1_24' title='bbox 734 549 904 591; x_wconf 90' lang='lat' dir='ltr'><strong>codices</strong></span> <span class='ocrx_word' id='word_1_25' title='bbox 919 548 1000 590; x_wconf 91' lang='lat' dir='ltr'><strong>hos</strong></span> <span class='ocrx_word' id='word_1_26' title='bbox 1015 548 1185 591; x_wconf 89' lang='lat' dir='ltr'><strong>invenit</strong></span> <span class='ocrx_word' id='word_1_27' title='bbox 1201 554 1246 590; x_wconf 92' lang='lat' dir='ltr'><strong>et</strong></span> <span class='ocrx_word' id='word_1_28' title='bbox 1264 550 1452 590; x_wconf 85' lang='lat' dir='ltr'><strong>Romam</strong></span> <span class='ocrx_word' id='word_1_29' title='bbox 1467 549 1671 602; x_wconf 84' lang='lat' dir='ltr'><strong>perduxit</strong></span> <span class='ocrx_word' id='word_1_30' title='bbox 1687 550 1744 591; x_wconf 89' lang='lat' dir='ltr'><strong>ad</strong></span> <span class='ocrx_word' id='word_1_31' title='bbox 1760 563 1841 591; x_wconf 91' lang='lat' dir='ltr'><strong>vos</strong></span> <span class='ocrx_word' id='word_1_32' title='bbox 1857 551 1957 592; x_wconf 90' lang='lat' dir='ltr'><strong>mit-</strong></span> 
     </span>
     <span class='ocr_line' id='line_1_4' title="bbox 154 615 1957 669; baseline -0.001 -8"><span class='ocrx_word' id='word_1_33' title='bbox 154 625 247 662; x_wconf 74' lang='lat' dir='ltr'><strong>tam</strong></span> <span class='ocrx_word' id='word_1_34' title='bbox 262 629 364 660; x_wconf 88' lang='lat' dir='ltr'><strong>cum</strong></span> <span class='ocrx_word' id='word_1_35' title='bbox 377 617 580 659; x_wconf 88' lang='lat' dir='ltr'><strong>omnibus</strong></span> <span class='ocrx_word' id='word_1_36' title='bbox 596 617 730 659; x_wconf 89' lang='lat' dir='ltr'><strong>musis</strong></span> <span class='ocrx_word' id='word_1_37' title='bbox 745 616 847 658; x_wconf 89' lang='lat' dir='ltr'><strong>suis.</strong></span> <span class='ocrx_word' id='word_1_38' title='bbox 907 617 1044 658; x_wconf 85' lang='lat' dir='ltr'><strong>Putat</strong></span> <span class='ocrx_word' id='word_1_39' title='bbox 1059 616 1175 658; x_wconf 90' lang='lat' dir='ltr'><strong>enim</strong></span> <span class='ocrx_word' id='word_1_40' title='bbox 1191 615 1227 657; x_wconf 90' lang='lat' dir='ltr'><strong>si</strong></span> <span class='ocrx_word' id='word_1_41' title='bbox 1242 615 1322 657; x_wconf 92' lang='lat' dir='ltr'><strong>hos</strong></span> <span class='ocrx_word' id='word_1_42' title='bbox 1337 615 1504 657; x_wconf 91' lang='lat' dir='ltr'><strong>libellos</strong></span> <span class='ocrx_word' id='word_1_43' title='bbox 1519 616 1608 669; x_wconf 89' lang='lat' dir='ltr'><strong>regi</strong></span> <span class='ocrx_word' id='word_1_44' title='bbox 1628 616 1859 659; x_wconf 89' lang='lat' dir='ltr'><strong>donaverit</strong></span> <span class='ocrx_word' id='word_1_45' title='bbox 1879 618 1957 659; x_wconf 88' lang='lat' dir='ltr'><strong>ali-</strong></span> 
     </span>
     <span class='ocr_line' id='line_1_5' title="bbox 154 682 1956 738; baseline -0.001 -11"><span class='ocrx_word' id='word_1_46' title='bbox 154 683 260 738; x_wconf 82' lang='lat' dir='ltr'><strong>quid</strong></span> <span class='ocrx_word' id='word_1_47' title='bbox 280 684 462 738; x_wconf 86' lang='lat' dir='ltr'><strong>praemii</strong></span> <span class='ocrx_word' id='word_1_48' title='bbox 482 684 540 726; x_wconf 92' lang='lat' dir='ltr'><strong>ab</strong></span> <span class='ocrx_word' id='word_1_49' title='bbox 561 683 648 727; x_wconf 92' lang='lat' dir='ltr'><strong>isto</strong></span> <span class='ocrx_word' id='word_1_50' title='bbox 667 683 862 738; x_wconf 85' lang='lat' dir='ltr'>principe</span> <span class='ocrx_word' id='word_1_51' title='bbox 892 696 937 725; x_wconf 92' lang='lat' dir='ltr'><strong>se</strong></span> <span class='ocrx_word' id='word_1_52' title='bbox 967 682 1236 735; x_wconf 90' lang='lat' dir='ltr'><strong>habiturum,</strong></span> <span class='ocrx_word' id='word_1_53' title='bbox 1268 682 1326 724; x_wconf 86' lang='lat' dir='ltr'><strong>ad</strong></span> <span class='ocrx_word' id='word_1_54' title='bbox 1358 682 1476 735; x_wconf 92' lang='lat' dir='ltr'><strong>quod</strong></span> <span class='ocrx_word' id='word_1_55' title='bbox 1506 695 1586 736; x_wconf 90' lang='lat' dir='ltr'><strong>ego</strong></span> <span class='ocrx_word' id='word_1_56' title='bbox 1617 683 1804 725; x_wconf 89' lang='lat' dir='ltr'><strong>maxime</strong></span> <span class='ocrx_word' id='word_1_57' title='bbox 1834 683 1956 726; x_wconf 90' lang='lat' dir='ltr'><strong>illum</strong></span> 
     </span>
     <span class='ocr_line' id='line_1_6' title="bbox 153 749 1417 794; baseline -0.002 0"><span class='ocrx_word' id='word_1_58' title='bbox 153 751 409 794; x_wconf 79' lang='lat' dir='ltr'><strong>exhortatus</strong></span> <span class='ocrx_word' id='word_1_59' title='bbox 429 764 540 794; x_wconf 89' lang='lat' dir='ltr'><strong>sum.</strong></span> <span class='ocrx_word' id='word_1_60' title='bbox 599 751 719 794; x_wconf 90' lang='lat' dir='ltr'><strong>Vale.</strong></span> <span class='ocrx_word' id='word_1_61' title='bbox 780 752 947 792; x_wconf 88' lang='lat' dir='ltr'><strong>Romae</strong></span> <span class='ocrx_word' id='word_1_62' title='bbox 967 750 1111 792; x_wconf 90' lang='lat' dir='ltr'><strong>idibus</strong></span> <span class='ocrx_word' id='word_1_63' title='bbox 1134 749 1417 792; x_wconf 89' lang='lat' dir='ltr'><strong>decembris.”</strong></span> 
     </span>
    </p>

    <p class='ocr_par' dir='ltr' id='par_1_3' title="bbox 153 816 1957 1263">
     <span class='ocr_line' id='line_1_7' title="bbox 237 816 1956 872; baseline 0 -12"><span class='ocrx_word' id='word_1_64' title='bbox 237 819 366 861; x_wconf 80' lang='lat' dir='ltr'><strong>Anno</strong></span> <span class='ocrx_word' id='word_1_65' title='bbox 391 825 438 861; x_wconf 89' lang='lat' dir='ltr'><strong>et</strong></span> <span class='ocrx_word' id='word_1_66' title='bbox 463 818 644 860; x_wconf 89' lang='lat' dir='ltr'><strong>dimidio</strong></span> <span class='ocrx_word' id='word_1_67' title='bbox 669 824 772 872; x_wconf 90' lang='lat' dir='ltr'><strong>post</strong></span> <span class='ocrx_word' id='word_1_68' title='bbox 799 817 952 859; x_wconf 89' lang='lat' dir='ltr'>Enoch</span> <span class='ocrx_word' id='word_1_69' title='bbox 989 817 1122 859; x_wconf 89' lang='lat' dir='ltr'><strong>libros</strong></span> <span class='ocrx_word' id='word_1_70' title='bbox 1160 830 1261 859; x_wconf 92' lang='lat' dir='ltr'><strong>suos</strong></span> <span class='ocrx_word' id='word_1_71' title='bbox 1299 816 1496 858; x_wconf 90' lang='lat' dir='ltr'><strong>nondum</strong></span> <span class='ocrx_word' id='word_1_72' title='bbox 1534 816 1780 859; x_wconf 90' lang='lat' dir='ltr'><strong>uendidisse</strong></span> <span class='ocrx_word' id='word_1_73' title='bbox 1818 818 1956 860; x_wconf 90' lang='lat' dir='ltr'><strong>altera</strong></span> 
     </span>
     <span class='ocr_line' id='line_1_8' title="bbox 154 883 1953 940; baseline -0.001 -12"><span class='ocrx_word' id='word_1_74' title='bbox 154 885 367 940; x_wconf 82' lang='lat' dir='ltr'><strong>Aurispae</strong></span> <span class='ocrx_word' id='word_1_75' title='bbox 387 884 575 940; x_wconf 88' lang='lat' dir='ltr'><strong>epistula</strong></span> <span class='ocrx_word' id='word_1_76' title='bbox 596 885 654 927; x_wconf 90' lang='lat' dir='ltr'><strong>ad</strong></span> <span class='ocrx_word' id='word_1_77' title='bbox 674 885 862 927; x_wconf 90' lang='lat' dir='ltr'><strong>eundem</strong></span> <span class='ocrx_word' id='word_1_78' title='bbox 883 885 1185 927; x_wconf 84' lang='lat' dir='ltr'><strong>Panormitam</strong></span> <span class='ocrx_word' id='word_1_79' title='bbox 1207 884 1277 926; x_wconf 89' lang='lat' dir='ltr'><strong>die</strong></span> <span class='ocrx_word' id='word_1_80' title='bbox 1296 884 1503 926; x_wconf 91' lang='lat' dir='ltr'><strong>XXVIII</strong></span> <span class='ocrx_word' id='word_1_81' title='bbox 1525 883 1685 926; x_wconf 90' lang='lat' dir='ltr'><strong>mensis</strong></span> <span class='ocrx_word' id='word_1_82' title='bbox 1706 884 1893 937; x_wconf 89' lang='lat' dir='ltr'><strong>Augusti</strong></span> <span class='ocrx_word' id='word_1_83' title='bbox 1914 898 1953 927; x_wconf 90' lang='lat' dir='ltr'><strong>a.</strong></span> 
     </span>
     <span class='ocr_line' id='line_1_9' title="bbox 158 951 1956 1004; baseline -0.002 -8"><span class='ocrx_word' id='word_1_84' title='bbox 158 951 262 996; x_wconf 82' lang='lat'>1457</span> <span class='ocrx_word' id='word_1_85' title='bbox 286 952 395 995; x_wconf 87' lang='lat' dir='ltr'><strong>data</strong></span> <span class='ocrx_word' id='word_1_86' title='bbox 417 952 564 995; x_wconf 87' lang='lat' dir='ltr'><strong>docet:</strong></span> <span class='ocrx_word' id='word_1_87' title='bbox 623 952 784 994; x_wconf 87' lang='lat' dir='ltr'><strong>“Hisce</strong></span> <span class='ocrx_word' id='word_1_88' title='bbox 808 951 962 994; x_wconf 90' lang='lat' dir='ltr'><strong>diebus</strong></span> <span class='ocrx_word' id='word_1_89' title='bbox 985 951 1071 994; x_wconf 83' lang='lat' dir='ltr'><strong>fuit</strong></span> <span class='ocrx_word' id='word_1_90' title='bbox 1093 951 1163 993; x_wconf 88' lang='lat' dir='ltr'><strong>hic</strong></span> <span class='ocrx_word' id='word_1_91' title='bbox 1187 951 1406 993; x_wconf 91' lang='lat' dir='ltr'><strong>Enochus.</strong></span> <span class='ocrx_word' id='word_1_92' title='bbox 1466 951 1613 1003; x_wconf 90' lang='lat' dir='ltr'><strong>Quum</strong></span> <span class='ocrx_word' id='word_1_93' title='bbox 1635 965 1737 993; x_wconf 89' lang='lat' dir='ltr'><strong>eum</strong></span> <span class='ocrx_word' id='word_1_94' title='bbox 1760 964 1956 1004; x_wconf 88' lang='lat' dir='ltr'><strong>rogarem</strong></span> 
     </span>
     <span class='ocr_line' id='line_1_10' title="bbox 155 1017 1954 1073; baseline -0.001 -11"><span class='ocrx_word' id='word_1_95' title='bbox 155 1026 206 1062; x_wconf 89' lang='lat' dir='ltr'><strong>ut</strong></span> <span class='ocrx_word' id='word_1_96' title='bbox 225 1033 376 1062; x_wconf 91' lang='lat' dir='ltr'><strong>eorum</strong></span> <span class='ocrx_word' id='word_1_97' title='bbox 396 1019 596 1062; x_wconf 91' lang='lat' dir='ltr'><strong>codicum</strong></span> <span class='ocrx_word' id='word_1_98' title='bbox 618 1033 728 1073; x_wconf 90' lang='lat' dir='ltr'><strong>quos</strong></span> <span class='ocrx_word' id='word_1_99' title='bbox 748 1033 772 1061; x_wconf 93' lang='lat' dir='ltr'><strong>e</strong></span> <span class='ocrx_word' id='word_1_100' title='bbox 792 1019 1040 1073; x_wconf 86' lang='lat' dir='ltr'><strong>longinquis</strong></span> <span class='ocrx_word' id='word_1_101' title='bbox 1059 1019 1261 1072; x_wconf 88' lang='lat' dir='ltr'><strong>partibus</strong></span> <span class='ocrx_word' id='word_1_102' title='bbox 1282 1018 1436 1060; x_wconf 89' lang='lat' dir='ltr'><strong>attulit</strong></span> <span class='ocrx_word' id='word_1_103' title='bbox 1457 1017 1564 1060; x_wconf 88' lang='lat' dir='ltr'><strong>mihi</strong></span> <span class='ocrx_word' id='word_1_104' title='bbox 1584 1018 1757 1072; x_wconf 90' lang='lat' dir='ltr'><strong>copiam</strong></span> <span class='ocrx_word' id='word_1_105' title='bbox 1777 1018 1954 1071; x_wconf 76' lang='lat' dir='ltr'><strong>faceret,</strong></span> 
     </span>
     <span class='ocr_line' id='line_1_11' title="bbox 153 1085 1956 1142; baseline -0.001 -13"><span class='ocrx_word' id='word_1_106' title='bbox 153 1093 200 1130; x_wconf 91' lang='lat' dir='ltr'><strong>et</strong></span> <span class='ocrx_word' id='word_1_107' title='bbox 219 1087 459 1142; x_wconf 30' lang='lat' dir='ltr'><strong>‘praecipue</strong></span> <span class='ocrx_word' id='word_1_108' title='bbox 488 1086 814 1141; x_wconf 88' lang='lat' dir='ltr'><strong>Porphirionem</strong></span> <span class='ocrx_word' id='word_1_109' title='bbox 847 1100 976 1140; x_wconf 90' lang='lat' dir='ltr'><strong>super</strong></span> <span class='ocrx_word' id='word_1_110' title='bbox 1004 1086 1208 1140; x_wconf 89' lang='lat' dir='ltr'><strong>operibus</strong></span> <span class='ocrx_word' id='word_1_111' title='bbox 1236 1086 1379 1128; x_wconf 90' lang='lat' dir='ltr'><strong>Oratii</strong></span> <span class='ocrx_word' id='word_1_112' title='bbox 1406 1085 1627 1139; x_wconf 89' lang='lat' dir='ltr'><strong>petebam,</strong></span> <span class='ocrx_word' id='word_1_113' title='bbox 1658 1085 1882 1139; x_wconf 89' lang='lat' dir='ltr'><strong>respondit</strong></span> <span class='ocrx_word' id='word_1_114' title='bbox 1912 1099 1956 1129; x_wconf 90' lang='lat' dir='ltr'><strong>se</strong></span> 
     </span>
     <span class='ocr_line' id='line_1_12' title="bbox 154 1152 1957 1208; baseline -0.001 -12"><span class='ocrx_word' id='word_1_115' title='bbox 154 1153 264 1197; x_wconf 84' lang='lat' dir='ltr'><strong>velle</strong></span> <span class='ocrx_word' id='word_1_116' title='bbox 281 1154 428 1196; x_wconf 88' lang='lat' dir='ltr'><strong>omnia</strong></span> <span class='ocrx_word' id='word_1_117' title='bbox 444 1154 565 1208; x_wconf 89' lang='lat' dir='ltr'><strong>prius</strong></span> <span class='ocrx_word' id='word_1_118' title='bbox 581 1153 806 1208; x_wconf 86' lang='lat' dir='ltr'><strong>Alphonso</strong></span> <span class='ocrx_word' id='word_1_119' title='bbox 824 1153 912 1207; x_wconf 88' lang='lat' dir='ltr'><strong>regi</strong></span> <span class='ocrx_word' id='word_1_120' title='bbox 931 1153 1119 1205; x_wconf 89' lang='lat' dir='ltr'><strong>tradere;</strong></span> <span class='ocrx_word' id='word_1_121' title='bbox 1137 1153 1207 1195; x_wconf 93' lang='lat' dir='ltr'><strong>cui</strong></span> <span class='ocrx_word' id='word_1_122' title='bbox 1224 1152 1418 1207; x_wconf 90' lang='lat' dir='ltr'><strong>opinioni</strong></span> <span class='ocrx_word' id='word_1_123' title='bbox 1435 1165 1514 1206; x_wconf 92' lang='lat' dir='ltr'><strong>ego</strong></span> <span class='ocrx_word' id='word_1_124' title='bbox 1530 1152 1752 1195; x_wconf 88' lang='lat' dir='ltr'><strong>hominem</strong></span> <span class='ocrx_word' id='word_1_125' title='bbox 1771 1152 1957 1195; x_wconf 86' lang='lat' dir='ltr'><strong>maxime</strong></span> 
     </span>
     <span class='ocr_line' id='line_1_13' title="bbox 154 1220 590 1263; baseline 0 0"><span class='ocrx_word' id='word_1_126' title='bbox 154 1234 253 1263; x_wconf 86' lang='lat' dir='ltr'><strong>sum</strong></span> <span class='ocrx_word' id='word_1_127' title='bbox 289 1220 590 1263; x_wconf 83' lang='lat' dir='ltr'><strong>exhortatus.&#39;’</strong></span> 
     </span>
    </p>

    <p class='ocr_par' dir='ltr' id='par_1_4' title="bbox 151 1287 1958 1880">
     <span class='ocr_line' id='line_1_14' title="bbox 237 1287 1958 1342; baseline -0.001 -12"><span class='ocrx_word' id='word_1_128' title='bbox 237 1287 358 1330; x_wconf 86' lang='lat' dir='ltr'><strong>Alios</strong></span> <span class='ocrx_word' id='word_1_129' title='bbox 380 1301 555 1342; x_wconf 91' lang='lat' dir='ltr'><strong>quoque</strong></span> <span class='ocrx_word' id='word_1_130' title='bbox 578 1288 695 1330; x_wconf 92' lang='lat' dir='ltr'><strong>uiros</strong></span> <span class='ocrx_word' id='word_1_131' title='bbox 717 1287 875 1330; x_wconf 91' lang='lat' dir='ltr'><strong>litteris</strong></span> <span class='ocrx_word' id='word_1_132' title='bbox 898 1288 1067 1330; x_wconf 88' lang='lat' dir='ltr'><strong>Latinis</strong></span> <span class='ocrx_word' id='word_1_133' title='bbox 1091 1287 1318 1329; x_wconf 89' lang='lat' dir='ltr'><strong>studentes</strong></span> <span class='ocrx_word' id='word_1_134' title='bbox 1342 1287 1396 1329; x_wconf 89' lang='lat' dir='ltr'><strong>de</strong></span> <span class='ocrx_word' id='word_1_135' title='bbox 1419 1287 1539 1329; x_wconf 90' lang='lat' dir='ltr'><strong>libris</strong></span> <span class='ocrx_word' id='word_1_136' title='bbox 1562 1287 1618 1330; x_wconf 91' lang='lat' dir='ltr'><strong>ab</strong></span> <span class='ocrx_word' id='word_1_137' title='bbox 1644 1287 1796 1329; x_wconf 91' lang='lat' dir='ltr'><strong>Enoch</strong></span> <span class='ocrx_word' id='word_1_138' title='bbox 1820 1301 1958 1341; x_wconf 84' lang='lat' dir='ltr'><strong>nuper</strong></span> 
     </span>
     <span class='ocr_line' id='line_1_15' title="bbox 154 1354 1957 1410; baseline -0.001 -12"><span class='ocrx_word' id='word_1_139' title='bbox 154 1355 389 1410; x_wconf 83' lang='lat' dir='ltr'><strong>reportatis</strong></span> <span class='ocrx_word' id='word_1_140' title='bbox 402 1355 616 1410; x_wconf 80' lang='lat' dir='ltr'><strong>habendis</strong></span> <span class='ocrx_word' id='word_1_141' title='bbox 631 1355 856 1409; x_wconf 91' lang='lat' dir='ltr'><strong>negotium</strong></span> <span class='ocrx_word' id='word_1_142' title='bbox 871 1355 1041 1397; x_wconf 90' lang='lat' dir='ltr'><strong>dedisse</strong></span> <span class='ocrx_word' id='word_1_143' title='bbox 1056 1354 1269 1409; x_wconf 89' lang='lat' dir='ltr'><strong>epistulae</strong></span> <span class='ocrx_word' id='word_1_144' title='bbox 1284 1368 1311 1396; x_wconf 91' lang='lat' dir='ltr'><strong>a</strong></span> <span class='ocrx_word' id='word_1_145' title='bbox 1328 1354 1487 1397; x_wconf 92' lang='lat' dir='ltr'><strong>Carolo</strong></span> <span class='ocrx_word' id='word_1_146' title='bbox 1502 1354 1556 1397; x_wconf 92' lang='lat' dir='ltr'><strong>de</strong></span> <span class='ocrx_word' id='word_1_147' title='bbox 1574 1354 1773 1406; x_wconf 88' lang='lat' dir='ltr'><strong>Medicis,</strong></span> <span class='ocrx_word' id='word_1_148' title='bbox 1793 1354 1957 1397; x_wconf 91' lang='lat' dir='ltr'><strong>Cosimi</strong></span> 
     </span>
     <span class='ocr_line' id='line_1_16' title="bbox 153 1419 1956 1477; baseline 0 -13"><span class='ocrx_word' id='word_1_149' title='bbox 153 1421 243 1465; x_wconf 88' lang='lat' dir='ltr'><strong>filio</strong></span> <span class='ocrx_word' id='word_1_150' title='bbox 257 1419 419 1477; x_wconf 84' lang='lat' dir='ltr'><strong>spurio,</strong></span> <span class='ocrx_word' id='word_1_151' title='bbox 434 1422 688 1476; x_wconf 87' lang='lat' dir='ltr'><strong>pronotario</strong></span> <span class='ocrx_word' id='word_1_152' title='bbox 702 1422 944 1476; x_wconf 90' lang='lat' dir='ltr'><strong>apostolico</strong></span> <span class='ocrx_word' id='word_1_153' title='bbox 959 1422 1016 1464; x_wconf 91' lang='lat' dir='ltr'><strong>ad</strong></span> <span class='ocrx_word' id='word_1_154' title='bbox 1031 1423 1243 1464; x_wconf 89' lang='lat' dir='ltr'><strong>Ioannem</strong></span> <span class='ocrx_word' id='word_1_155' title='bbox 1262 1421 1444 1464; x_wconf 81' lang='lat' dir='ltr'><strong>fratrem</strong></span> <span class='ocrx_word' id='word_1_156' title='bbox 1459 1422 1590 1464; x_wconf 91' lang='lat' dir='ltr'><strong>datae</strong></span> <span class='ocrx_word' id='word_1_157' title='bbox 1605 1422 1956 1464; x_wconf 81' lang='lat' dir='ltr'><strong>demonstrant.⁴¹</strong></span> 
     </span>
     <span class='ocr_line' id='line_1_17' title="bbox 154 1488 1957 1544; baseline -0.001 -12"><span class='ocrx_word' id='word_1_158' title='bbox 154 1489 236 1532; x_wconf 81' lang='lat' dir='ltr'><strong>His</strong></span> <span class='ocrx_word' id='word_1_159' title='bbox 257 1489 303 1532; x_wconf 91' lang='lat' dir='ltr'><strong>in</strong></span> <span class='ocrx_word' id='word_1_160' title='bbox 324 1489 523 1544; x_wconf 85' lang='lat' dir='ltr'><strong>epistulis</strong></span> <span class='ocrx_word' id='word_1_161' title='bbox 543 1489 686 1543; x_wconf 90' lang='lat' dir='ltr'><strong>primo</strong></span> <span class='ocrx_word' id='word_1_162' title='bbox 708 1489 976 1532; x_wconf 90' lang='lat' dir='ltr'><strong>mentionem</strong></span> <span class='ocrx_word' id='word_1_163' title='bbox 998 1489 1052 1531; x_wconf 92' lang='lat' dir='ltr'><strong>de</strong></span> <span class='ocrx_word' id='word_1_164' title='bbox 1075 1489 1228 1531; x_wconf 92' lang='lat' dir='ltr'><strong>Enoch</strong></span> <span class='ocrx_word' id='word_1_165' title='bbox 1250 1488 1358 1532; x_wconf 87' lang='lat' dir='ltr'><strong>facit</strong></span> <span class='ocrx_word' id='word_1_166' title='bbox 1382 1489 1565 1532; x_wconf 88' lang='lat' dir='ltr'><strong>Carolus</strong></span> <span class='ocrx_word' id='word_1_167' title='bbox 1587 1489 1657 1531; x_wconf 90' lang='lat' dir='ltr'><strong>die</strong></span> <span class='ocrx_word' id='word_1_168' title='bbox 1678 1490 1773 1531; x_wconf 94' lang='lat' dir='ltr'><strong>XII</strong></span> <span class='ocrx_word' id='word_1_169' title='bbox 1797 1490 1957 1531; x_wconf 86' lang='lat' dir='ltr'><strong>mensis</strong></span> 
     </span>
     <span class='ocr_line' id='line_1_18' title="bbox 155 1556 1956 1610; baseline -0.001 -11"><span class='ocrx_word' id='word_1_170' title='bbox 155 1556 310 1599; x_wconf 84' lang='lat' dir='ltr'><strong>Martii</strong></span> <span class='ocrx_word' id='word_1_171' title='bbox 323 1569 363 1599; x_wconf 88' lang='lat' dir='ltr'><strong>a.</strong></span> <span class='ocrx_word' id='word_1_172' title='bbox 382 1557 502 1599; x_wconf 87' lang='lat'>1456.</span> <span class='ocrx_word' id='word_1_173' title='bbox 563 1556 715 1598; x_wconf 90' lang='lat' dir='ltr'><strong>Enoch</strong></span> <span class='ocrx_word' id='word_1_174' title='bbox 729 1557 938 1598; x_wconf 84' lang='lat' dir='ltr'><strong>nonnulla</strong></span> <span class='ocrx_word' id='word_1_175' title='bbox 952 1570 1069 1598; x_wconf 90' lang='lat' dir='ltr'><strong>noua</strong></span> <span class='ocrx_word' id='word_1_176' title='bbox 1083 1563 1326 1610; x_wconf 88' lang='lat' dir='ltr'><strong>reportasse</strong></span> <span class='ocrx_word' id='word_1_177' title='bbox 1341 1556 1581 1598; x_wconf 88' lang='lat' dir='ltr'><strong>declarauit</strong></span> <span class='ocrx_word' id='word_1_178' title='bbox 1595 1557 1665 1599; x_wconf 92' lang='lat' dir='ltr'><strong>ille</strong></span> <span class='ocrx_word' id='word_1_179' title='bbox 1680 1569 1792 1610; x_wconf 90' lang='lat' dir='ltr'><strong>quae</strong></span> <span class='ocrx_word' id='word_1_180' title='bbox 1809 1563 1956 1599; x_wconf 90' lang='lat' dir='ltr'><strong>tamen</strong></span> 
     </span>
     <span class='ocr_line' id='line_1_19' title="bbox 153 1623 1958 1678; baseline 0 -12"><span class='ocrx_word' id='word_1_181' title='bbox 153 1623 288 1678; x_wconf 86' lang='lat' dir='ltr'><strong>pluris</strong></span> <span class='ocrx_word' id='word_1_182' title='bbox 300 1629 480 1678; x_wconf 89' lang='lat' dir='ltr'><strong>propter</strong></span> <span class='ocrx_word' id='word_1_183' title='bbox 494 1624 740 1666; x_wconf 88' lang='lat' dir='ltr'><strong>nouitatem</strong></span> <span class='ocrx_word' id='word_1_184' title='bbox 755 1637 889 1677; x_wconf 89' lang='lat' dir='ltr'><strong>quam</strong></span> <span class='ocrx_word' id='word_1_185' title='bbox 902 1630 1082 1678; x_wconf 90' lang='lat' dir='ltr'><strong>propter</strong></span> <span class='ocrx_word' id='word_1_186' title='bbox 1097 1624 1336 1666; x_wconf 89' lang='lat' dir='ltr'><strong>utilitatem</strong></span> <span class='ocrx_word' id='word_1_187' title='bbox 1350 1624 1626 1666; x_wconf 89' lang='lat' dir='ltr'><strong>aestimanda</strong></span> <span class='ocrx_word' id='word_1_188' title='bbox 1639 1631 1799 1676; x_wconf 89' lang='lat' dir='ltr'><strong>essent,</strong></span> <span class='ocrx_word' id='word_1_189' title='bbox 1816 1637 1958 1677; x_wconf 90' lang='lat' dir='ltr'><strong>neque</strong></span> 
     </span>
     <span class='ocr_line' id='line_1_20' title="bbox 153 1691 1956 1746; baseline -0.001 -12"><span class='ocrx_word' id='word_1_190' title='bbox 153 1691 359 1746; x_wconf 88' lang='lat' dir='ltr'><strong>cuiquam</strong></span> <span class='ocrx_word' id='word_1_191' title='bbox 389 1691 709 1734; x_wconf 87' lang='lat' dir='ltr'><strong>transcribendi</strong></span> <span class='ocrx_word' id='word_1_192' title='bbox 739 1691 911 1745; x_wconf 88' lang='lat' dir='ltr'><strong>copiam</strong></span> <span class='ocrx_word' id='word_1_193' title='bbox 942 1692 1046 1733; x_wconf 89' lang='lat' dir='ltr'><strong>dare</strong></span> <span class='ocrx_word' id='word_1_194' title='bbox 1076 1692 1200 1742; x_wconf 91' lang='lat' dir='ltr'><strong>uelle,</strong></span> <span class='ocrx_word' id='word_1_195' title='bbox 1231 1705 1333 1733; x_wconf 93' lang='lat' dir='ltr'><strong>cum</strong></span> <span class='ocrx_word' id='word_1_196' title='bbox 1362 1691 1482 1745; x_wconf 88' lang='lat' dir='ltr'><strong>prius</strong></span> <span class='ocrx_word' id='word_1_197' title='bbox 1517 1705 1727 1746; x_wconf 88' lang='lat' dir='ltr'><strong>magnum</strong></span> <span class='ocrx_word' id='word_1_198' title='bbox 1746 1692 1956 1733; x_wconf 89' lang='lat' dir='ltr'><strong>librorum</strong></span> 
     </span>
     <span class='ocr_line' id='line_1_21' title="bbox 151 1757 1957 1813; baseline -0.001 -11"><span class='ocrx_word' id='word_1_199' title='bbox 151 1758 342 1813; x_wconf 86' lang='lat' dir='ltr'><strong>pretium</strong></span> <span class='ocrx_word' id='word_1_200' title='bbox 358 1759 416 1800; x_wconf 89' lang='lat' dir='ltr'><strong>ab</strong></span> <span class='ocrx_word' id='word_1_201' title='bbox 433 1758 582 1812; x_wconf 90' lang='lat' dir='ltr'><strong>aliquo</strong></span> <span class='ocrx_word' id='word_1_202' title='bbox 598 1757 776 1800; x_wconf 86' lang='lat' dir='ltr'><strong>domino</strong></span> <span class='ocrx_word' id='word_1_203' title='bbox 791 1765 974 1812; x_wconf 91' lang='lat' dir='ltr'><strong>potente</strong></span> <span class='ocrx_word' id='word_1_204' title='bbox 990 1772 1070 1812; x_wconf 90' lang='lat' dir='ltr'><strong>pro</strong></span> <span class='ocrx_word' id='word_1_205' title='bbox 1090 1759 1230 1801; x_wconf 88' lang='lat' dir='ltr'><strong>tantis</strong></span> <span class='ocrx_word' id='word_1_206' title='bbox 1249 1758 1472 1801; x_wconf 88' lang='lat' dir='ltr'><strong>laboribus</strong></span> <span class='ocrx_word' id='word_1_207' title='bbox 1492 1773 1537 1801; x_wconf 91' lang='lat' dir='ltr'><strong>se</strong></span> <span class='ocrx_word' id='word_1_208' title='bbox 1557 1766 1842 1813; x_wconf 87' lang='lat' dir='ltr'><strong>accepturum</strong></span> <span class='ocrx_word' id='word_1_209' title='bbox 1862 1772 1957 1812; x_wconf 91' lang='lat' dir='ltr'><strong>spe-</strong></span> 
     </span>
     <span class='ocr_line' id='line_1_22' title="bbox 152 1825 1958 1880; baseline 0 -12"><span class='ocrx_word' id='word_1_210' title='bbox 152 1831 282 1868; x_wconf 79' lang='lat' dir='ltr'><strong>raret.</strong></span> <span class='ocrx_word' id='word_1_211' title='bbox 316 1825 624 1868; x_wconf 85' lang='lat' dir='ltr'><strong>quentarium</strong></span> <span class='ocrx_word' id='word_1_212' title='bbox 641 1826 776 1868; x_wconf 88' lang='lat' dir='ltr'><strong>etiam</strong></span> <span class='ocrx_word' id='word_1_213' title='bbox 792 1826 1004 1868; x_wconf 89' lang='lat' dir='ltr'><strong>librorum</strong></span> <span class='ocrx_word' id='word_1_214' title='bbox 1021 1826 1078 1868; x_wconf 91' lang='lat' dir='ltr'><strong>ab</strong></span> <span class='ocrx_word' id='word_1_215' title='bbox 1092 1826 1246 1868; x_wconf 90' lang='lat' dir='ltr'><strong>Enoch</strong></span> <span class='ocrx_word' id='word_1_216' title='bbox 1257 1833 1532 1869; x_wconf 89' lang='lat' dir='ltr'><strong>seruatorum</strong></span> <span class='ocrx_word' id='word_1_217' title='bbox 1544 1827 1590 1869; x_wconf 92' lang='lat' dir='ltr'><strong>in</strong></span> <span class='ocrx_word' id='word_1_218' title='bbox 1603 1826 1756 1869; x_wconf 90' lang='lat' dir='ltr'><strong>eadem</strong></span> <span class='ocrx_word' id='word_1_219' title='bbox 1769 1826 1958 1880; x_wconf 82' lang='lat' dir='ltr'><strong>epistula</strong></span> 
     </span>
    </p>

    <p class='ocr_par' dir='ltr' id='par_1_5' title="bbox 118 1892 1959 2685">
     <span class='ocr_line' id='line_1_23' title="bbox 126 1892 1957 1947; baseline 0.001 -12"><span class='ocrx_word' id='word_1_220' title='bbox 126 1911 136 1920; x_wconf 93' lang='lat'>·</span> <span class='ocrx_word' id='word_1_221' title='bbox 151 1892 327 1936; x_wconf 86' lang='lat' dir='ltr'><strong>inclusit</strong></span> <span class='ocrx_word' id='word_1_222' title='bbox 361 1893 558 1944; x_wconf 82' lang='lat' dir='ltr'><strong>Carolus,</strong></span> <span class='ocrx_word' id='word_1_223' title='bbox 592 1906 779 1947; x_wconf 91' lang='lat' dir='ltr'><strong>quorum</strong></span> <span class='ocrx_word' id='word_1_224' title='bbox 812 1900 1025 1947; x_wconf 89' lang='lat' dir='ltr'><strong>quattuor</strong></span> <span class='ocrx_word' id='word_1_225' title='bbox 1056 1907 1129 1936; x_wconf 91' lang='lat' dir='ltr'><strong>eos</strong></span> <span class='ocrx_word' id='word_1_226' title='bbox 1162 1893 1238 1947; x_wconf 91' lang='lat' dir='ltr'><strong>qui</strong></span> <span class='ocrx_word' id='word_1_227' title='bbox 1270 1893 1449 1936; x_wconf 86' lang='lat' dir='ltr'><strong>maximi</strong></span> <span class='ocrx_word' id='word_1_228' title='bbox 1481 1894 1673 1936; x_wconf 85' lang='lat' dir='ltr'><strong>habendi</strong></span> <span class='ocrx_word' id='word_1_229' title='bbox 1704 1901 1848 1937; x_wconf 89' lang='lat' dir='ltr'><strong>essent</strong></span> <span class='ocrx_word' id='word_1_230' title='bbox 1880 1906 1957 1936; x_wconf 91' lang='lat' dir='ltr'><strong>no-</strong></span> 
     </span>
     <span class='ocr_line' id='line_1_24' title="bbox 118 1959 1957 2014; baseline 0 -12"><span class='ocrx_word' id='word_1_231' title='bbox 118 1978 121 1980; x_wconf 88' lang='lat'>·</span> <span class='ocrx_word' id='word_1_232' title='bbox 155 1959 351 2003; x_wconf 84' lang='lat' dir='ltr'><strong>tauisset.</strong></span> <span class='ocrx_word' id='word_1_233' title='bbox 410 1961 588 2002; x_wconf 89' lang='lat' dir='ltr'><strong>Praeter</strong></span> <span class='ocrx_word' id='word_1_234' title='bbox 623 1960 719 2002; x_wconf 92' lang='lat' dir='ltr'><strong>illos</strong></span> <span class='ocrx_word' id='word_1_235' title='bbox 756 1967 969 2013; x_wconf 89' lang='lat' dir='ltr'><strong>quattuor</strong></span> <span class='ocrx_word' id='word_1_236' title='bbox 1004 1961 1188 2013; x_wconf 90' lang='lat' dir='ltr'><strong>codices,</strong></span> <span class='ocrx_word' id='word_1_237' title='bbox 1226 1961 1332 2003; x_wconf 92' lang='lat' dir='ltr'><strong>dicit</strong></span> <span class='ocrx_word' id='word_1_238' title='bbox 1369 1961 1567 2014; x_wconf 88' lang='lat' dir='ltr'><strong>Carolus,</strong></span> <span class='ocrx_word' id='word_1_239' title='bbox 1604 1968 1771 2004; x_wconf 91' lang='lat' dir='ltr'><strong>ceteros</strong></span> <span class='ocrx_word' id='word_1_240' title='bbox 1807 1974 1957 2003; x_wconf 89' lang='lat' dir='ltr'><strong>omnes</strong></span> 
     </span>
     <span class='ocr_line' id='line_1_25' title="bbox 152 2027 1958 2083; baseline 0 -14"><span class='ocrx_word' id='word_1_241' title='bbox 152 2027 380 2070; x_wconf 74' lang='lat' dir='ltr'><strong>secundum</strong></span> <span class='ocrx_word' id='word_1_242' title='bbox 396 2028 640 2080; x_wconf 78' lang='lat' dir='ltr'><strong>opinionem</strong></span> <span class='ocrx_word' id='word_1_243' title='bbox 657 2027 881 2069; x_wconf 86' lang='lat' dir='ltr'><strong>multorum</strong></span> <span class='ocrx_word' id='word_1_244' title='bbox 897 2029 1088 2070; x_wconf 84' lang='lat' dir='ltr'><strong>uirorum</strong></span> <span class='ocrx_word' id='word_1_245' title='bbox 1105 2028 1438 2071; x_wconf 81' lang='lat' dir='ltr'><strong>doctissimorum</strong></span> <span class='ocrx_word' id='word_1_246' title='bbox 1455 2029 1529 2083; x_wconf 84' lang='lat' dir='ltr'><strong>qui</strong></span> <span class='ocrx_word' id='word_1_247' title='bbox 1546 2029 1691 2071; x_wconf 83' lang='lat' dir='ltr'><strong>Enoch</strong></span> <span class='ocrx_word' id='word_1_248' title='bbox 1705 2029 1958 2071; x_wconf 78' lang='lat' dir='ltr'><strong>inuisissent</strong></span> 
     </span>
     <span class='ocr_line' id='line_1_26' title="bbox 153 2093 1958 2149; baseline 0 -12"><span class='ocrx_word' id='word_1_249' title='bbox 153 2095 267 2137; x_wconf 74' lang='lat' dir='ltr'><strong>hand</strong></span> <span class='ocrx_word' id='word_1_250' title='bbox 285 2093 412 2147; x_wconf 81' lang='lat' dir='ltr'><strong>flocci</strong></span> <span class='ocrx_word' id='word_1_251' title='bbox 440 2095 735 2146; x_wconf 79' lang='lat' dir='ltr'><strong>aestimandos,</strong></span> <span class='ocrx_word' id='word_1_252' title='bbox 765 2095 916 2148; x_wconf 83' lang='lat' dir='ltr'><strong>quibus</strong></span> <span class='ocrx_word' id='word_1_253' title='bbox 945 2096 1070 2137; x_wconf 83' lang='lat' dir='ltr'><strong>etiam</strong></span> <span class='ocrx_word' id='word_1_254' title='bbox 1098 2096 1290 2149; x_wconf 85' lang='lat' dir='ltr'><strong>linguam</strong></span> <span class='ocrx_word' id='word_1_255' title='bbox 1319 2096 1519 2137; x_wconf 79' lang='lat' dir='ltr'><strong>Latinam</strong></span> <span class='ocrx_word' id='word_1_256' title='bbox 1549 2096 1699 2138; x_wconf 83' lang='lat' dir='ltr'><strong>melius</strong></span> <span class='ocrx_word' id='word_1_257' title='bbox 1729 2097 1958 2138; x_wconf 80' lang='lat' dir='ltr'><strong>carituram</strong></span> 
     </span>
     <span class='ocr_line' id='line_1_27' title="bbox 147 2161 1958 2217; baseline 0.001 -13"><span class='ocrx_word' id='word_1_258' title='bbox 147 2161 334 2216; x_wconf 78' lang='lat' dir='ltr'><strong>fuisso.⁴¹</strong></span> <span class='ocrx_word' id='word_1_259' title='bbox 390 2161 475 2214; x_wconf 90' lang='lat' dir='ltr'><strong>Qui</strong></span> <span class='ocrx_word' id='word_1_260' title='bbox 491 2161 653 2203; x_wconf 80' lang='lat' dir='ltr'><strong>fuerint</strong></span> <span class='ocrx_word' id='word_1_261' title='bbox 670 2161 731 2203; x_wconf 92' lang='lat' dir='ltr'><strong>illi</strong></span> <span class='ocrx_word' id='word_1_262' title='bbox 749 2168 960 2214; x_wconf 88' lang='lat' dir='ltr'><strong>quattuor</strong></span> <span class='ocrx_word' id='word_1_263' title='bbox 976 2163 1159 2214; x_wconf 88' lang='lat' dir='ltr'><strong>codices,</strong></span> <span class='ocrx_word' id='word_1_264' title='bbox 1177 2163 1263 2204; x_wconf 89' lang='lat' dir='ltr'><strong>alia</strong></span> <span class='ocrx_word' id='word_1_265' title='bbox 1279 2163 1324 2204; x_wconf 92' lang='lat' dir='ltr'><strong>in</strong></span> <span class='ocrx_word' id='word_1_266' title='bbox 1340 2163 1528 2217; x_wconf 92' lang='lat' dir='ltr'><strong>epistula</strong></span> <span class='ocrx_word' id='word_1_267' title='bbox 1546 2164 1614 2205; x_wconf 92' lang='lat' dir='ltr'><strong>die</strong></span> <span class='ocrx_word' id='word_1_268' title='bbox 1630 2165 1675 2205; x_wconf 92' lang='lat' dir='ltr'><strong>X</strong></span> <span class='ocrx_word' id='word_1_269' title='bbox 1693 2163 1853 2205; x_wconf 90' lang='lat' dir='ltr'><strong>mensis</strong></span> <span class='ocrx_word' id='word_1_270' title='bbox 1871 2163 1958 2205; x_wconf 89' lang='lat' dir='ltr'><strong>De-</strong></span> 
     </span>
     <span class='ocr_line' id='line_1_28' title="bbox 152 2228 1958 2284; baseline 0.001 -14"><span class='ocrx_word' id='word_1_271' title='bbox 152 2228 337 2271; x_wconf 92' lang='lat' dir='ltr'><strong>cembris</strong></span> <span class='ocrx_word' id='word_1_272' title='bbox 364 2228 468 2270; x_wconf 88' lang='lat' dir='ltr'><strong>anni</strong></span> <span class='ocrx_word' id='word_1_273' title='bbox 495 2229 765 2282; x_wconf 91' lang='lat' dir='ltr'><strong>insequentis</strong></span> <span class='ocrx_word' id='word_1_274' title='bbox 793 2229 987 2272; x_wconf 87' lang='lat' dir='ltr'><strong>declarat</strong></span> <span class='ocrx_word' id='word_1_275' title='bbox 1016 2230 1199 2272; x_wconf 90' lang='lat' dir='ltr'><strong>Carolus</strong></span> <span class='ocrx_word' id='word_1_276' title='bbox 1227 2230 1335 2272; x_wconf 89' lang='lat' dir='ltr'><strong>haec</strong></span> <span class='ocrx_word' id='word_1_277' title='bbox 1363 2230 1613 2272; x_wconf 90' lang='lat' dir='ltr'><strong>nominans:</strong></span> <span class='ocrx_word' id='word_1_278' title='bbox 1671 2230 1874 2284; x_wconf 84' lang='lat' dir='ltr'><strong>Apicium</strong></span> <span class='ocrx_word' id='word_1_279' title='bbox 1895 2231 1958 2271; x_wconf 83' lang='lat' dir='ltr'><strong>De</strong></span> 
     </span>
     <span class='ocr_line' id='line_1_29' title="bbox 151 2295 1956 2350; baseline 0.001 -12"><span class='ocrx_word' id='word_1_280' title='bbox 151 2296 214 2338; x_wconf 76' lang='lat' dir='ltr'><strong>Re</strong></span> <span class='ocrx_word' id='word_1_281' title='bbox 224 2295 499 2350; x_wconf 82' lang='lat' dir='ltr'><strong>Coqninaria,</strong></span> <span class='ocrx_word' id='word_1_282' title='bbox 515 2295 860 2349; x_wconf 88' lang='lat' dir='ltr'><strong>Porphyrionem</strong></span> <span class='ocrx_word' id='word_1_283' title='bbox 871 2297 921 2338; x_wconf 83' lang='lat' dir='ltr'><strong>in</strong></span> <span class='ocrx_word' id='word_1_284' title='bbox 933 2297 1174 2349; x_wconf 82' lang='lat' dir='ltr'><strong>Horatium,</strong></span> <span class='ocrx_word' id='word_1_285' title='bbox 1190 2297 1447 2340; x_wconf 82' lang='lat' dir='ltr'><strong>Suetonium</strong></span> <span class='ocrx_word' id='word_1_286' title='bbox 1468 2300 1533 2340; x_wconf 83' lang='lat' dir='ltr'><strong>De</strong></span> <span class='ocrx_word' id='word_1_287' title='bbox 1560 2299 1678 2340; x_wconf 83' lang='lat' dir='ltr'><strong>Viris</strong></span> <span class='ocrx_word' id='word_1_288' title='bbox 1698 2299 1726 2340; x_wconf 93' lang='lat' dir='ltr'><strong>I</strong></span> <span class='ocrx_word' id='word_1_289' title='bbox 1726 2298 1956 2350; x_wconf 81' lang='lat' dir='ltr'><strong>nustribus,</strong></span> 
     </span>
     <span class='ocr_line' id='line_1_30' title="bbox 152 2363 1958 2418; baseline 0.002 -14"><span class='ocrx_word' id='word_1_290' title='bbox 152 2363 431 2405; x_wconf 71' lang='lat' dir='ltr'><strong>Itinorarium</strong></span> <span class='ocrx_word' id='word_1_291' title='bbox 461 2363 693 2416; x_wconf 78' lang='lat' dir='ltr'><strong>Augusti‚⁴³</strong></span> <span class='ocrx_word' id='word_1_292' title='bbox 724 2376 912 2416; x_wconf 92' lang='lat' dir='ltr'><strong>quorum</strong></span> <span class='ocrx_word' id='word_1_293' title='bbox 945 2370 1032 2406; x_wconf 90' lang='lat' dir='ltr'><strong>tres</strong></span> <span class='ocrx_word' id='word_1_294' title='bbox 1063 2365 1120 2406; x_wconf 88' lang='lat' dir='ltr'><strong>ab</strong></span> <span class='ocrx_word' id='word_1_295' title='bbox 1153 2365 1341 2418; x_wconf 88' lang='lat' dir='ltr'><strong>Aurispa</strong></span> <span class='ocrx_word' id='word_1_296' title='bbox 1371 2366 1460 2407; x_wconf 90' lang='lat' dir='ltr'><strong>iam</strong></span> <span class='ocrx_word' id='word_1_297' title='bbox 1491 2366 1662 2408; x_wconf 88' lang='lat' dir='ltr'><strong>laudati</strong></span> <span class='ocrx_word' id='word_1_298' title='bbox 1692 2372 1832 2408; x_wconf 89' lang='lat' dir='ltr'><strong>erant.</strong></span> <span class='ocrx_word' id='word_1_299' title='bbox 1892 2366 1958 2407; x_wconf 85' lang='lat' dir='ltr'><strong>Ex</strong></span> 
     </span>
     <span class='ocr_line' id='line_1_31' title="bbox 151 2429 1959 2486; baseline 0.001 -14"><span class='ocrx_word' id='word_1_300' title='bbox 151 2429 305 2472; x_wconf 86' lang='lat' dir='ltr'><strong>eadem</strong></span> <span class='ocrx_word' id='word_1_301' title='bbox 326 2429 516 2483; x_wconf 88' lang='lat' dir='ltr'><strong>epistula</strong></span> <span class='ocrx_word' id='word_1_302' title='bbox 538 2430 692 2472; x_wconf 89' lang='lat' dir='ltr'><strong>Enoch</strong></span> <span class='ocrx_word' id='word_1_303' title='bbox 716 2431 860 2472; x_wconf 90' lang='lat' dir='ltr'><strong>Roma</strong></span> <span class='ocrx_word' id='word_1_304' title='bbox 882 2431 1088 2474; x_wconf 89' lang='lat' dir='ltr'><strong>Ascolum</strong></span> <span class='ocrx_word' id='word_1_305' title='bbox 1110 2433 1371 2475; x_wconf 90' lang='lat' dir='ltr'><strong>concessisse</strong></span> <span class='ocrx_word' id='word_1_306' title='bbox 1393 2432 1541 2486; x_wconf 89' lang='lat' dir='ltr'><strong>ibique</strong></span> <span class='ocrx_word' id='word_1_307' title='bbox 1563 2433 1696 2486; x_wconf 90' lang='lat' dir='ltr'><strong>paulo</strong></span> <span class='ocrx_word' id='word_1_308' title='bbox 1719 2439 1823 2475; x_wconf 89' lang='lat' dir='ltr'><strong>ante</strong></span> <span class='ocrx_word' id='word_1_309' title='bbox 1846 2446 1959 2474; x_wconf 92' lang='lat' dir='ltr'><strong>mor-</strong></span> 
     </span>
     <span class='ocr_line' id='line_1_32' title="bbox 153 2497 1959 2552; baseline 0.002 -14"><span class='ocrx_word' id='word_1_310' title='bbox 153 2503 280 2539; x_wconf 89' lang='lat' dir='ltr'><strong>tuum</strong></span> <span class='ocrx_word' id='word_1_311' title='bbox 303 2509 411 2549; x_wconf 67' lang='lat' dir='ltr'><strong>aese,</strong></span> <span class='ocrx_word' id='word_1_312' title='bbox 438 2497 646 2539; x_wconf 89' lang='lat' dir='ltr'><strong>Carolum</strong></span> <span class='ocrx_word' id='word_1_313' title='bbox 670 2504 820 2540; x_wconf 91' lang='lat' dir='ltr'><strong>autem</strong></span> <span class='ocrx_word' id='word_1_314' title='bbox 845 2498 903 2539; x_wconf 88' lang='lat' dir='ltr'><strong>ad</strong></span> <span class='ocrx_word' id='word_1_315' title='bbox 928 2498 1201 2552; x_wconf 90' lang='lat' dir='ltr'><strong>Stephanum</strong></span> <span class='ocrx_word' id='word_1_316' title='bbox 1225 2499 1279 2541; x_wconf 93' lang='lat' dir='ltr'><strong>de</strong></span> <span class='ocrx_word' id='word_1_317' title='bbox 1305 2500 1512 2543; x_wconf 88' lang='lat' dir='ltr'><strong>Nardinis</strong></span> <span class='ocrx_word' id='word_1_318' title='bbox 1537 2500 1591 2542; x_wconf 91' lang='lat' dir='ltr'><strong>de</strong></span> <span class='ocrx_word' id='word_1_319' title='bbox 1616 2501 1709 2542; x_wconf 91' lang='lat' dir='ltr'><strong>eius</strong></span> <span class='ocrx_word' id='word_1_320' title='bbox 1738 2500 1959 2542; x_wconf 89' lang='lat' dir='ltr'><strong>codicibus</strong></span> 
     </span>
     <span class='ocr_line' id='line_1_33' title="bbox 152 2563 1957 2621; baseline 0.001 -15"><span class='ocrx_word' id='word_1_321' title='bbox 152 2563 223 2607; x_wconf 89' lang='lat' dir='ltr'><strong>uel</strong></span> <span class='ocrx_word' id='word_1_322' title='bbox 244 2576 395 2607; x_wconf 89' lang='lat' dir='ltr'><strong>eorum</strong></span> <span class='ocrx_word' id='word_1_323' title='bbox 418 2563 680 2618; x_wconf 86' lang='lat' dir='ltr'><strong>apographis</strong></span> <span class='ocrx_word' id='word_1_324' title='bbox 703 2564 916 2607; x_wconf 88' lang='lat' dir='ltr'><strong>habendis</strong></span> <span class='ocrx_word' id='word_1_325' title='bbox 940 2566 1160 2619; x_wconf 89' lang='lat' dir='ltr'><strong>scripsisse</strong></span> <span class='ocrx_word' id='word_1_326' title='bbox 1183 2566 1403 2609; x_wconf 88' lang='lat' dir='ltr'><strong>discimus.</strong></span> <span class='ocrx_word' id='word_1_327' title='bbox 1464 2569 1586 2610; x_wconf 90' lang='lat' dir='ltr'><strong>Num</strong></span> <span class='ocrx_word' id='word_1_328' title='bbox 1609 2568 1834 2621; x_wconf 90' lang='lat' dir='ltr'><strong>negotium</strong></span> <span class='ocrx_word' id='word_1_329' title='bbox 1857 2580 1957 2609; x_wconf 89' lang='lat' dir='ltr'><strong>cum</strong></span> 
     </span>
     <span class='ocr_line' id='line_1_34' title="bbox 153 2630 1631 2685; baseline 0.003 -12"><span class='ocrx_word' id='word_1_330' title='bbox 153 2630 376 2685; x_wconf 87' lang='lat' dir='ltr'><strong>Stephano</strong></span> <span class='ocrx_word' id='word_1_331' title='bbox 393 2631 448 2673; x_wconf 90' lang='lat' dir='ltr'><strong>de</strong></span> <span class='ocrx_word' id='word_1_332' title='bbox 465 2631 674 2674; x_wconf 88' lang='lat' dir='ltr'><strong>Nardinis</strong></span> <span class='ocrx_word' id='word_1_333' title='bbox 691 2646 715 2673; x_wconf 92' lang='lat' dir='ltr'><strong>e</strong></span> <span class='ocrx_word' id='word_1_334' title='bbox 733 2632 880 2674; x_wconf 90' lang='lat' dir='ltr'><strong>Caroli</strong></span> <span class='ocrx_word' id='word_1_335' title='bbox 896 2633 1115 2675; x_wconf 89' lang='lat' dir='ltr'><strong>sententia</strong></span> <span class='ocrx_word' id='word_1_336' title='bbox 1132 2635 1385 2676; x_wconf 88' lang='lat' dir='ltr'><strong>successerit</strong></span> <span class='ocrx_word' id='word_1_337' title='bbox 1403 2635 1631 2678; x_wconf 83' lang='lat' dir='ltr'><strong>nescimus.</strong></span> 
     </span>
    </p>

    <p class='ocr_par' dir='ltr' id='par_1_6' title="bbox 150 2697 1961 2887">
     <span class='ocr_line' id='line_1_35' title="bbox 235 2697 1959 2752; baseline 0.002 -12"><span class='ocrx_word' id='word_1_338' title='bbox 235 2698 317 2740; x_wconf 81' lang='lat' dir='ltr'><strong>His</strong></span> <span class='ocrx_word' id='word_1_339' title='bbox 334 2697 468 2752; x_wconf 88' lang='lat' dir='ltr'><strong>igitur</strong></span> <span class='ocrx_word' id='word_1_340' title='bbox 486 2698 674 2740; x_wconf 91' lang='lat' dir='ltr'><strong>testibus</strong></span> <span class='ocrx_word' id='word_1_341' title='bbox 690 2699 874 2752; x_wconf 87' lang='lat' dir='ltr'><strong>prolatis</strong></span> <span class='ocrx_word' id='word_1_342' title='bbox 893 2713 981 2752; x_wconf 92' lang='lat' dir='ltr'><strong>quo</strong></span> <span class='ocrx_word' id='word_1_343' title='bbox 998 2700 1090 2742; x_wconf 90' lang='lat' dir='ltr'><strong>iure</strong></span> <span class='ocrx_word' id='word_1_344' title='bbox 1110 2701 1191 2743; x_wconf 90' lang='lat' dir='ltr'><strong>uiri</strong></span> <span class='ocrx_word' id='word_1_345' title='bbox 1209 2701 1330 2744; x_wconf 91' lang='lat' dir='ltr'><strong>docti</strong></span> <span class='ocrx_word' id='word_1_346' title='bbox 1348 2702 1566 2744; x_wconf 88' lang='lat' dir='ltr'><strong>affirment</strong></span> <span class='ocrx_word' id='word_1_347' title='bbox 1586 2701 1739 2744; x_wconf 91' lang='lat' dir='ltr'><strong>Enoch</strong></span> <span class='ocrx_word' id='word_1_348' title='bbox 1758 2708 1959 2743; x_wconf 89' lang='lat' dir='ltr'><strong>nostrum</strong></span> 
     </span>
     <span class='ocr_line' id='line_1_36' title="bbox 151 2765 1960 2822; baseline 0.003 -16"><span class='ocrx_word' id='word_1_349' title='bbox 151 2765 345 2808; x_wconf 90' lang='lat' dir='ltr'><strong>codicem</strong></span> <span class='ocrx_word' id='word_1_350' title='bbox 373 2765 725 2807; x_wconf 80' lang='lat' dir='ltr'><strong>Hersfeldensem</strong></span> <span class='ocrx_word' id='word_1_351' title='bbox 753 2766 972 2809; x_wconf 90' lang='lat' dir='ltr'><strong>rettulisse</strong></span> <span class='ocrx_word' id='word_1_352' title='bbox 1000 2781 1088 2808; x_wconf 91' lang='lat' dir='ltr'><strong>non</strong></span> <span class='ocrx_word' id='word_1_353' title='bbox 1116 2768 1293 2811; x_wconf 87' lang='lat' dir='ltr'><strong>extric0.</strong></span> <span class='ocrx_word' id='word_1_354' title='bbox 1353 2770 1471 2811; x_wconf 85' lang='lat' dir='ltr'><strong>Nam</strong></span> <span class='ocrx_word' id='word_1_355' title='bbox 1500 2770 1554 2811; x_wconf 88' lang='lat' dir='ltr'><strong>de</strong></span> <span class='ocrx_word' id='word_1_356' title='bbox 1582 2769 1726 2811; x_wconf 89' lang='lat' dir='ltr'><strong>Taciti</strong></span> <span class='ocrx_word' id='word_1_357' title='bbox 1755 2768 1960 2822; x_wconf 90' lang='lat' dir='ltr'><strong>operibus</strong></span> 
     </span>
     <span class='ocr_line' id='line_1_37' title="bbox 150 2831 1961 2887; baseline 0.002 -13"><span class='ocrx_word' id='word_1_358' title='bbox 150 2831 392 2875; x_wconf 78' lang='lat' dir='ltr'><strong>minoribus</strong></span> <span class='ocrx_word' id='word_1_359' title='bbox 413 2832 532 2874; x_wconf 88' lang='lat' dir='ltr'><strong>nulla</strong></span> <span class='ocrx_word' id='word_1_360' title='bbox 553 2833 731 2874; x_wconf 91' lang='lat' dir='ltr'><strong>omnino</strong></span> <span class='ocrx_word' id='word_1_361' title='bbox 754 2833 919 2875; x_wconf 90' lang='lat' dir='ltr'><strong>mentio</strong></span> <span class='ocrx_word' id='word_1_362' title='bbox 940 2834 1005 2886; x_wconf 92' lang='lat' dir='ltr'><strong>fit,</strong></span> <span class='ocrx_word' id='word_1_363' title='bbox 1028 2848 1169 2887; x_wconf 91' lang='lat' dir='ltr'><strong>neque</strong></span> <span class='ocrx_word' id='word_1_364' title='bbox 1191 2835 1279 2877; x_wconf 94' lang='lat' dir='ltr'><strong>ullo</strong></span> <span class='ocrx_word' id='word_1_365' title='bbox 1301 2836 1433 2878; x_wconf 90' lang='lat' dir='ltr'><strong>modo</strong></span> <span class='ocrx_word' id='word_1_366' title='bbox 1455 2850 1556 2879; x_wconf 93' lang='lat' dir='ltr'><strong>cum</strong></span> <span class='ocrx_word' id='word_1_367' title='bbox 1578 2836 1731 2878; x_wconf 90' lang='lat' dir='ltr'><strong>Enoch</strong></span> <span class='ocrx_word' id='word_1_368' title='bbox 1752 2835 1961 2878; x_wconf 85' lang='lat' dir='ltr'><strong>Asculani</strong></span> 
     </span>
    </p>
   </div>
   <div class='ocr_carea' id='block_1_3' title="bbox 147 2929 1960 3154">
    <p class='ocr_par' dir='ltr' id='par_1_7' title="bbox 147 2929 1960 3032">
     <span class='ocr_line' id='line_1_38' title="bbox 236 2929 1960 2981; baseline 0.003 -14"><span class='ocrx_word' id='word_1_369' title='bbox 236 2932 264 2956; x_wconf 76' lang='lat'><strong>⁴¹</strong></span> <span class='ocrx_word' id='word_1_370' title='bbox 275 2932 308 2967; x_wconf 76' lang='lat' dir='ltr'>A</span> <span class='ocrx_word' id='word_1_371' title='bbox 321 2931 478 2968; x_wconf 76' lang='lat' dir='ltr'><strong>VictorIo</strong></span> <span class='ocrx_word' id='word_1_372' title='bbox 491 2932 628 2976; x_wconf 87' lang='lat' dir='ltr'><strong>Rossio,</strong></span> <span class='ocrx_word' id='word_1_373' title='bbox 643 2933 844 2969; x_wconf 74' lang='lat' dir='ltr'><strong>Rendiconti</strong></span> <span class='ocrx_word' id='word_1_374' title='bbox 858 2934 930 2970; x_wconf 87' lang='lat' dir='ltr'><strong>Ser.</strong></span> <span class='ocrx_word' id='word_1_375' title='bbox 945 2934 989 2979; x_wconf 89' lang='lat' dir='ltr'><strong>V,</strong></span> <span class='ocrx_word' id='word_1_376' title='bbox 1004 2935 1043 2969; x_wconf 93' lang='lat'><strong>11</strong></span> <span class='ocrx_word' id='word_1_377' title='bbox 1056 2946 1092 2980; x_wconf 90' lang='lat' dir='ltr'><strong>p.</strong></span> <span class='ocrx_word' id='word_1_378' title='bbox 1111 2935 1175 2970; x_wconf 89' lang='grc'><strong>129</strong></span> <span class='ocrx_word' id='word_1_379' title='bbox 1189 2947 1266 2980; x_wconf 87' lang='lat' dir='ltr'><strong>sqq.</strong></span> <span class='ocrx_word' id='word_1_380' title='bbox 1281 2936 1408 2972; x_wconf 82' lang='lat' dir='ltr'><strong>editae.</strong></span> <span class='ocrx_word' id='word_1_381' title='bbox 1446 2937 1491 2972; x_wconf 88' lang='lat' dir='ltr'><strong>In</strong></span> <span class='ocrx_word' id='word_1_382' title='bbox 1506 2929 1706 2981; x_wconf 85' lang='lat' dir='ltr'><strong>temporum</strong></span> <span class='ocrx_word' id='word_1_383' title='bbox 1720 2936 1856 2972; x_wconf 82' lang='lat' dir='ltr'><strong>ratione</strong></span> <span class='ocrx_word' id='word_1_384' title='bbox 1872 2937 1960 2971; x_wconf 87' lang='lat' dir='ltr'><strong>Ros·</strong></span> 
     </span>
     <span class='ocr_line' id='line_1_39' title="bbox 147 2987 749 3032; baseline 0.002 -8"><span class='ocrx_word' id='word_1_385' title='bbox 147 2987 240 3024; x_wconf 75' lang='lat' dir='ltr'><strong>sium</strong></span> <span class='ocrx_word' id='word_1_386' title='bbox 258 2992 441 3024; x_wconf 78' lang='lat' dir='ltr'><strong>auctorem</strong></span> <span class='ocrx_word' id='word_1_387' title='bbox 459 2987 592 3032; x_wconf 89' lang='lat' dir='ltr'><strong>ubique</strong></span> <span class='ocrx_word' id='word_1_388' title='bbox 611 2999 749 3032; x_wconf 90' lang='lat' dir='ltr'><strong>sequor.</strong></span> 
     </span>
    </p>

    <p class='ocr_par' dir='ltr' id='par_1_8' title="bbox 147 3037 1959 3154">
     <span class='ocr_line' id='line_1_40' title="bbox 236 3037 1959 3093; baseline 0.004 -15"><span class='ocrx_word' id='word_1_389' title='bbox 236 3037 314 3079; x_wconf 69' lang='grc'><strong>““.</strong></span> <span class='ocrx_word' id='word_1_390' title='bbox 346 3071 355 3079; x_wconf 92' lang='grc'><strong>.</strong></span> <span class='ocrx_word' id='word_1_391' title='bbox 389 3071 398 3079; x_wconf 92' lang='grc'><strong>.</strong></span> <span class='ocrx_word' id='word_1_392' title='bbox 425 3043 455 3079; x_wconf 83' lang='lat' dir='ltr'><strong>si</strong></span> <span class='ocrx_word' id='word_1_393' title='bbox 475 3043 541 3080; x_wconf 86' lang='lat' dir='ltr'><strong>che</strong></span> <span class='ocrx_word' id='word_1_394' title='bbox 561 3044 688 3080; x_wconf 81' lang='lat' dir='ltr'><strong>vedete</strong></span> <span class='ocrx_word' id='word_1_395' title='bbox 709 3055 747 3080; x_wconf 84' lang='lat' dir='ltr'><strong>se</strong></span> <span class='ocrx_word' id='word_1_396' title='bbox 768 3044 884 3081; x_wconf 87' lang='lat' dir='ltr'><strong>volete</strong></span> <span class='ocrx_word' id='word_1_397' title='bbox 906 3050 1043 3089; x_wconf 79' lang='lat' dir='ltr'><strong>gettare</strong></span> <span class='ocrx_word' id='word_1_398' title='bbox 1064 3046 1124 3083; x_wconf 86' lang='lat' dir='ltr'><strong>via</strong></span> <span class='ocrx_word' id='word_1_399' title='bbox 1139 3047 1449 3093; x_wconf 79' lang='lat' dir='ltr'><strong>tantidanariper</strong></span> <span class='ocrx_word' id='word_1_400' title='bbox 1461 3060 1552 3092; x_wconf 89' lang='lat' dir='ltr'><strong>cose,</strong></span> <span class='ocrx_word' id='word_1_401' title='bbox 1568 3049 1632 3084; x_wconf 90' lang='lat' dir='ltr'><strong>che</strong></span> <span class='ocrx_word' id='word_1_402' title='bbox 1646 3049 1682 3084; x_wconf 82' lang='lat' dir='ltr'><strong>la</strong></span> <span class='ocrx_word' id='word_1_403' title='bbox 1703 3048 1824 3092; x_wconf 80' lang='lat' dir='ltr'><strong>lingua</strong></span> <span class='ocrx_word' id='word_1_404' title='bbox 1847 3048 1959 3084; x_wconf 84' lang='lat' dir='ltr'><strong>latina</strong></span> 
     </span>
     <span class='ocr_line' id='line_1_41' title="bbox 147 3099 1959 3154; baseline 0.003 -19"><span class='ocrx_word' id='word_1_405' title='bbox 147 3099 221 3144; x_wconf 71' lang='lat' dir='ltr'><strong>mo</strong></span> <span class='ocrx_word' id='word_1_406' title='bbox 235 3099 348 3136; x_wconf 81' lang='lat' dir='ltr'><strong>molto</strong></span> <span class='ocrx_word' id='word_1_407' title='bbox 364 3099 457 3136; x_wconf 83' lang='lat' dir='ltr'><strong>bene</strong></span> <span class='ocrx_word' id='word_1_408' title='bbox 472 3100 548 3136; x_wconf 71' lang='lat' dir='ltr'><strong>iare</strong></span> <span class='ocrx_word' id='word_1_409' title='bbox 563 3111 671 3136; x_wconf 77' lang='lat' dir='ltr'><strong>senza</strong></span> <span class='ocrx_word' id='word_1_410' title='bbox 686 3111 775 3145; x_wconf 80' lang='lat' dir='ltr'><strong>esse,</strong></span> <span class='ocrx_word' id='word_1_411' title='bbox 792 3100 858 3137; x_wconf 85' lang='lat' dir='ltr'><strong>che</strong></span> <span class='ocrx_word' id='word_1_412' title='bbox 873 3111 897 3137; x_wconf 82' lang='lat' dir='ltr'><strong>a</strong></span> <span class='ocrx_word' id='word_1_413' title='bbox 912 3101 1006 3138; x_wconf 86' lang='lat' dir='ltr'><strong>dirvi</strong></span> <span class='ocrx_word' id='word_1_414' title='bbox 1020 3103 1244 3148; x_wconf 85' lang='lat' dir='ltr'><strong>l&#39;oppenione</strong></span> <span class='ocrx_word' id='word_1_415' title='bbox 1259 3103 1298 3140; x_wconf 89' lang='lat' dir='ltr'><strong>di</strong></span> <span class='ocrx_word' id='word_1_416' title='bbox 1314 3104 1417 3140; x_wconf 87' lang='lat' dir='ltr'><strong>molti</strong></span> <span class='ocrx_word' id='word_1_417' title='bbox 1433 3104 1529 3141; x_wconf 90' lang='lat' dir='ltr'><strong>dotti</strong></span> <span class='ocrx_word' id='word_1_418' title='bbox 1544 3104 1691 3149; x_wconf 84' lang='lat' dir='ltr'><strong>nomini,</strong></span> <span class='ocrx_word' id='word_1_419' title='bbox 1717 3105 1784 3154; x_wconf 82' lang='lat' dir='ltr'><strong>che</strong></span> <span class='ocrx_word' id='word_1_420' title='bbox 1800 3105 1848 3148; x_wconf 80' lang='lat' dir='ltr'><strong>gli</strong></span> <span class='ocrx_word' id='word_1_421' title='bbox 1863 3115 1959 3141; x_wconf 81' lang='lat' dir='ltr'><strong>anno</strong></span> 
     </span>
    </p>
   </div>
   <div class='ocr_carea' id='block_1_4' title="bbox 147 3154 1959 3248">
    <p class='ocr_par' dir='ltr' id='par_1_9' title="bbox 147 3154 1959 3248">
     <span class='ocr_line' id='line_1_42' title="bbox 147 3154 1959 3247; baseline 0.003 -56"><span class='ocrx_word' id='word_1_422' title='bbox 147 3154 444 3246; x_wconf 42' lang='lat' dir='ltr'><strong>vicaldakquesti</strong></span> <span class='ocrx_word' id='word_1_423' title='bbox 458 3161 607 3247; x_wconf 57' lang='lat' dir='ltr'><strong>‹lauattro</strong></span> <span class='ocrx_word' id='word_1_424' title='bbox 630 3156 762 3193; x_wconf 69' lang='lat' dir='ltr'><strong>intueri</strong></span> <span class='ocrx_word' id='word_1_425' title='bbox 786 3157 851 3193; x_wconf 90' lang='lat' dir='ltr'><strong>che</strong></span> <span class='ocrx_word' id='word_1_426' title='bbox 874 3167 962 3193; x_wconf 81' lang='lat' dir='ltr'><strong>sono</strong></span> <span class='ocrx_word' id='word_1_427' title='bbox 985 3159 1126 3202; x_wconf 76' lang='lat' dir='ltr'><strong>segnati</strong></span> <span class='ocrx_word' id='word_1_428' title='bbox 1155 3187 1164 3196; x_wconf 93' lang='lat'><strong><em>.</em></strong></span> <span class='ocrx_word' id='word_1_429' title='bbox 1194 3187 1203 3196; x_wconf 91' lang='lat'>.</span> <span class='ocrx_word' id='word_1_430' title='bbox 1230 3187 1238 3196; x_wconf 90' lang='lat'><strong><em>.</em></strong></span> <span class='ocrx_word' id='word_1_431' title='bbox 1262 3187 1272 3204; x_wconf 93' lang='lat'><strong>,</strong></span> <span class='ocrx_word' id='word_1_432' title='bbox 1305 3165 1405 3196; x_wconf 81' lang='lat' dir='ltr'><strong>tutto</strong></span> <span class='ocrx_word' id='word_1_433' title='bbox 1429 3161 1454 3196; x_wconf 92' lang='lat' dir='ltr'><strong>il</strong></span> <span class='ocrx_word' id='word_1_434' title='bbox 1471 3166 1567 3197; x_wconf 78' lang='lat' dir='ltr'><strong>resto</strong></span> <span class='ocrx_word' id='word_1_435' title='bbox 1583 3172 1655 3196; x_wconf 91' lang='lat' dir='ltr'><strong>non</strong></span> <span class='ocrx_word' id='word_1_436' title='bbox 1671 3161 1752 3197; x_wconf 78' lang='lat' dir='ltr'><strong>vale</strong></span> <span class='ocrx_word' id='word_1_437' title='bbox 1766 3172 1839 3196; x_wconf 83' lang='lat' dir='ltr'><strong>una</strong></span> <span class='ocrx_word' id='word_1_438' title='bbox 1855 3161 1959 3197; x_wconf 69' lang='lat' dir='ltr'><strong>trulla</strong></span> 
     </span>
     <span class='ocr_line' id='line_1_43' title="bbox 153 3223 536 3248; baseline 0.003 -2"><span class='ocrx_word' id='word_1_439' title='bbox 153 3238 161 3246; x_wconf 95' lang='lat'><strong><em>.</em></strong></span> <span class='ocrx_word' id='word_1_440' title='bbox 195 3238 203 3246; x_wconf 95' lang='lat'><strong>.</strong></span> <span class='ocrx_word' id='word_1_441' title='bbox 236 3238 244 3247; x_wconf 91' lang='lat'>.</span> <span class='ocrx_word' id='word_1_442' title='bbox 330 3223 442 3247; x_wconf 72' lang='lat' dir='ltr'><strong>ossius</strong></span> <span class='ocrx_word' id='word_1_443' title='bbox 477 3239 486 3248; x_wconf 91' lang='lat'><strong>.</strong></span> <span class='ocrx_word' id='word_1_444' title='bbox 508 3223 536 3247; x_wconf 85' lang='lat' dir='ltr'><strong>c.</strong></span> 
     </span>
    </p>
   </div>
   <div class='ocr_carea' id='block_1_5' title="bbox 236 3263 1058 3311">
    <p class='ocr_par' dir='ltr' id='par_1_10' title="bbox 236 3263 1058 3311">
     <span class='ocr_line' id='line_1_44' title="bbox 236 3263 1058 3311; baseline 0.006 -10"><span class='ocrx_word' id='word_1_445' title='bbox 236 3268 263 3290; x_wconf 71' lang='lat'>⁰</span> <span class='ocrx_word' id='word_1_446' title='bbox 275 3267 552 3311; x_wconf 82' lang='lat' dir='ltr'><strong>Intellegendum</strong></span> <span class='ocrx_word' id='word_1_447' title='bbox 569 3274 624 3303; x_wconf 88' lang='lat' dir='ltr'><strong>est</strong></span> <span class='ocrx_word' id='word_1_448' title='bbox 638 3269 661 3302; x_wconf 90' lang='lat' dir='ltr'><strong>I</strong></span> <span class='ocrx_word' id='word_1_449' title='bbox 661 3263 861 3304; x_wconf 78' lang='lat' dir='ltr'><strong>tinerarium</strong></span> <span class='ocrx_word' id='word_1_450' title='bbox 876 3271 1058 3306; x_wconf 77' lang='lat' dir='ltr'><strong>Antonini.</strong></span> 
     </span>
    </p>
   </div>
  </div>
 </body>
</html>
