2340 3840
381 360 444 394 146
706 358 774 392 DE
792 358 1085 393 FRAGMENTI
1101 358 1397 393 SVETONIANI
1413 358 1480 392 DE
1498 358 1844 394 GRAMMATICIS
2095 360 2172 402 [646

380 470 500 521 Quae
522 481 622 510 cum
643 468 706 510 ita
726 470 829 520 sint,
851 469 908 510 ad
928 468 1044 510 hunc
1064 468 1208 510 locum
1228 469 1472 510 sanandum
1492 469 1600 511 haec
1619 481 1834 523 propono:
1856 476 1934 523 par
1960 471 2171 512 oculorum

379 537 427 578 in
451 535 640 577 amicitia
661 536 728 576 Μ.
754 535 916 576 Antoni
935 535 1155 577 triumuiri
1175 536 1398 577 extinctum
1427 549 1512 577 esse
1533 536 1681 578 aiebat.
1903 588 1905 591 ι

464 601 561 643 Alio
588 614 760 653 quoque
786 601 880 643 loco
908 601 1087 643 Suetoni
1113 602 1247 643 uerba
1272 614 1361 643 non
1386 601 1469 642 nisi
1494 602 1622 643 huius
1648 602 1795 655 stirpis
1822 613 1953 655 opera
1979 602 2173 645 reuocari

379 681 505 722 posse
529 667 637 709 mihi
659 667 876 710 uidentur.
931 668 981 710 C.
1007 669 1032 709 9
1054 666 1115 721 (p.
1144 667 1236 720 107,
1261 666 1301 719 5)
1327 668 1433 710 haec
1455 668 1586 721 stirps
1610 670 1726 710 omni
1748 682 1931 711 sermone
1969 676 2173 722 testatur,

382 735 512 777 ceteri
534 733 633 776 libri
655 735 771 775 omni
793 735 842 776 in
864 734 1089 786 occasione,
1113 734 1196 776 nisi
1219 735 1338 788 quod
1360 735 1409 776 in
1431 734 1476 776 in
1500 731 1535 776 B
1559 734 1792 787 omittitur,
1828 735 1873 776 in
1897 733 1950 777 W
1973 742 2122 778 autem
2145 748 2174 778 a

382 801 571 843 secunda
594 814 727 843 manu
750 800 941 842 deletum
963 807 1043 842 est.
1116 800 1249 843 Dicat
1271 800 1426 854 aliquis
1447 815 1631 843 sermone
1653 801 1756 843 olim
1786 801 1973 855 glossam
1995 802 2052 844 ad
2069 803 2174 845 lace-

381 870 494 910 rauit
507 868 885 921 interpretandum
898 868 1043 919 fuisse,
1059 881 1171 922 quae
1184 868 1230 910 in
1244 875 1414 910 textum
1427 868 1667 921 inrepserit.
1734 869 1830 911 Hoc
1844 882 1934 911 esse
1947 882 2073 922 posse
2086 882 2174 912 non

383 934 558 986 infitior,
575 933 651 976 sed
667 933 834 975 facilius
852 934 1068 976 crederem
1084 933 1167 975 nisi
1182 934 1319 976 altera
1334 934 1463 976 lectio
1480 935 1596 976 omni
1610 935 1659 976 in
1675 935 1886 976 occasione
1911 934 2174 988 suspiciones

385 1006 591 1042 moueret.
642 1000 1012 1053 Praepositionem
1033 1001 1082 1042 in
1103 1000 1477 1042 Reifferscheidius
1500 1000 1639 1042 delere
1660 1014 1748 1043 non
1770 1000 1993 1044 dubitauit
2022 1001 2172 1044 Claud.

383 1069 453 1120 42,
469 1067 679 1109 occasione
694 1067 822 1117 omni,
848 1066 1039 1109 conferre
1062 1067 1232 1118 iubens;
1250 1067 1367 1120 quod
1391 1067 1558 1108 Ihmius
1583 1079 1755 1120 quoque
1778 1067 2050 1120 probauit.²⁸⁴
2099 1067 2174 1111 Sin

385 1133 565 1176 Suetoni
586 1133 684 1174 usui
706 1133 876 1175 dicendi
898 1133 1160 1175 consulimus
1183 1140 1256 1186 per
1274 1147 1435 1175 omnem
1453 1134 1707 1175 occasionem
1724 1133 1870 1186 potius
1897 1133 2174 1176 scribendum

384 1200 543 1242 erat.²³⁵
607 1200 722 1252 Ergo
751 1199 870 1242 haud
899 1199 1081 1241 dubium
1102 1199 1208 1241 mihi
1227 1200 1401 1242 uidetur
1421 1200 1526 1253 quin
1547 1199 1778 1242 Suetonius
1798 1199 1869 1242 hic
1899 1213 2072 1254 quoque
2101 1207 2174 1254 per

384 1280 545 1308 omnem
580 1267 834 1308 occasionem
867 1266 1101 1319 scripserit;
1129 1274 1202 1321 per
1231 1280 1392 1308 omnem
1417 1273 1567 1309 autem
1594 1266 1640 1308 in
1668 1273 1922 1320 corruptum
1947 1280 2174 1310 sermonem

384 1332 554 1385 abierit,
581 1339 714 1385 atque
744 1339 958 1374 corrector
986 1332 1142 1386 aliquis
1171 1346 1222 1374 ex
1240 1347 1466 1374 sermonem
1486 1334 1739 1375 occasionem
1769 1333 1958 1376 effecerit
1985 1334 2102 1376 omui
2125 1334 2175 1376 iu

385 1400 609 1441 occasione.
669 1400 751 1441 Sed
778 1414 832 1441 ne
858 1400 1011 1453 prioris
1044 1401 1239 1442 lectionis
1273 1401 1479 1442 memoria
1512 1401 1688 1442 omnino
1721 1401 1879 1454 periret
1911 1415 2094 1443 sermone
2127 1401 2174 1443 in

386 1466 576 1520 margine
597 1466 665 1507 uel
685 1478 816 1519 supra
832 1479 1005 1507 uersum
1021 1467 1205 1519 scripsit.
1244 1468 1368 1509 Vnde
1383 1467 1551 1509 factum
1568 1474 1633 1508 est
1650 1474 1700 1509 ut
1716 1468 1864 1508 iamin
1881 1467 2172 1510 Hersfeldensi

384 1534 496 1574 libro
514 1533 671 1585 duplex
687 1533 814 1573 lectio
834 1547 1039 1574 sermone:
1059 1535 1174 1575 omni
1193 1534 1241 1574 in
1262 1540 1441 1575 extaret.

470 1599 518 1639 C.
542 1599 567 1639 9
587 1596 646 1650 (p.
673 1596 765 1648 107,
782 1595 848 1648 20)
867 1595 917 1638 M
935 1594 976 1639 K
996 1599 1161 1652 reliquit
1182 1600 1413 1652 exemplum
1436 1597 1530 1651 (exm
1551 1596 1621 1650 M)
1644 1599 1864 1651 Orbilium,
1891 1599 2022 1642 ceteri
2046 1599 2173 1642 huius

386 1665 531 1717 stirpis
551 1664 857 1717 compendium
875 1664 1065 1706 incertae
1083 1665 1407 1718 significationis
1425 1665 1691 1718 proferentes
1709 1666 1874 1719 reliquit
1889 1663 1956 1717 Rss‘
1966 1666 2173 1709 Orbilium

387 1738 621 1781 testantur;
651 1749 675 1772 α
698 1734 725 1780 β
753 1729 787 1772 Χ
814 1731 979 1784 reliquit
1011 1731 1155 1784 filium
1190 1732 1398 1774 Orbilium
1425 1730 1578 1786 (filiam
1622 1732 1829 1774 Orbilium
1873 1729 1908 1774 B
1977 1732 2172 1775 orbilium

386 1798 522 1848 filium
551 1794 604 1848 O)
633 1797 884 1839 ostendunt.
942 1798 1103 1839 Filium
1122 1798 1329 1840 Orbilium
1349 1804 1464 1840 certe
1490 1798 1689 1851 ineptum
1715 1798 1902 1851 uidetur,
1923 1805 1969 1841 et
1995 1798 2174 1842 Reiffer-

386 1863 624 1905 scheidium
642 1864 849 1905 Orbilium
862 1870 978 1906 recte
991 1864 1209 1908 seclusisse
1221 1871 1344 1918 put0.
1393 1865 1594 1906 Osannus
1613 1871 1761 1907 tamen
1779 1878 2016 1919 cognomen
2035 1863 2173 1908 Orbili

386 1930 447 1971 fili
467 1930 511 1971 in
532 1930 605 1971 illo
626 1930 884 1983 compendio
896 1929 965 1982 R?
984 1930 1118 1972 latere
1139 1931 1330 1985 putauit,
1345 1931 1463 1984 quod
1483 1931 1528 1972 in
1552 1931 1762 1985 Rusum²³⁶
1784 1931 1996 1985 explicare
2017 1930 2170 1984 uoluit,

384 1996 486 2038 licet
501 1996 609 2037 nihil
623 1996 668 2037 in
685 2003 892 2038 contextu
909 2003 1079 2039 mutare
1095 2010 1225 2038 ausus
1242 1997 1312 2039 sit.
1359 1998 1479 2049 Quae
1496 1997 1642 2050 opinio
1658 2011 1745 2039 non
1761 2004 1827 2040 est
1842 1998 1934 2040 sine
1949 1997 2171 2050 illecebris,

385 2064 461 2104 sed
477 2063 549 2103 uix
565 2076 669 2104 uera
685 2076 775 2104 esse
790 2069 951 2116 potest,
978 2077 1078 2105 cum
1093 2063 1199 2105 satis
1216 2070 1386 2106 constet
1402 2070 1447 2106 et
1462 2063 1539 2105 ex*
1553 2070 1598 2106 et
1617 2063 1685 2115 R?
1700 2078 1724 2106 e
1743 2063 2001 2118 compendio
2016 2063 2080 2115 fi*
2092 2075 2172 2118 pro

377 2130 521 2181 filium
542 2136 746 2182 corrupta
767 2143 870 2172 esse.
921 2129 1141 2171 Librarius
1164 2144 1197 2182 γ
1217 2130 1300 2172 hoc
1320 2130 1626 2183 compendium
1645 2142 1725 2184 pro
1736 2132 1882 2186 filium
1911 2130 1956 2172 in
1988 2127 2024 2172 Y
2053 2129 2172 2173 inue-

384 2196 505 2237 niens
529 2195 599 2237 uel
613 2195 690 2237 ex*
704 2195 774 2237 uel
789 2195 859 2247 ΚΖ·
873 2195 1011 2249 legere
1025 2196 1108 2238 sibi
1122 2196 1240 2238 uisus
1256 2203 1322 2239 est
1336 2203 1470 2249 atque
1485 2203 1719 2250 utrumque
1734 2197 1779 2238 in
1793 2196 1903 2240 libro
1917 2209 2011 2248 suo,
2035 2209 2174 2239 unum

384 2262 429 2303 in
453 2268 576 2303 textu
599 2262 786 2304 alterum
808 2262 853 2303 in
877 2263 1068 2315 margine
1091 2263 1161 2304 uel
1183 2275 1314 2316 supra
1345 2263 1541 2305 ordinem
1573 2263 1758 2316 scripsit.
1819 2265 2064 2316 Vtrumque
2093 2262 2171 2306 cx*

384 2335 428 2370 et
454 2327 522 2379 ΚΖ
550 2328 594 2369 in
621 2345 651 2378 γ
679 2328 810 2370 fuisse
827 2342 1082 2381 persuasum
1099 2328 1307 2381 habeo‚²⁸⁷
1323 2343 1423 2371 cum
1440 2329 1575 2371 editio
1592 2331 1779 2382 Incerta,
1799 2342 1911 2383 quae
1937 2329 2098 2372 codicis
2126 2325 2170 2371 Η

383 2394 622 2447 archetypo
641 2408 721 2447 pro
741 2395 1030 2437 fundamento
1051 2409 1153 2436 usus
1175 2397 1308 2448 est,²³⁸
1328 2397 1560 2449 exemplum
1581 2386 1796 2448 exhibeat,
1819 2408 2087 2450 quamquam
2107 2395 2171 2438 ni·

384 2461 444 2502 hil
458 2460 541 2502 nisi
558 2459 625 2511 Rss‘
640 2460 684 2502 in
699 2460 794 2513 ipso
810 2458 853 2502 H
869 2475 913 2503 se
928 2461 1102 2504 habeat.
1162 2463 1363 2515 Itemque
1379 2463 1546 2504 Veneta
1564 2461 1670 2504 1474
1684 2462 1831 2514 editio,
1848 2474 1962 2515 quae
1976 2461 2169 2504 eiusdem
2204 2472 2206 2475 ’

383 2533 450 2568 est
467 2533 610 2568 sectae
626 2533 760 2579 atque
778 2524 810 2568 C
826 2530 860 2568 Δ
881 2524 920 2575 Q
937 2529 1169 2580 exemplum
1185 2529 1412 2581 profert,²³⁹
1429 2542 1528 2570 cum
1546 2525 1578 2570 C
1595 2531 1628 2570 Δ
1648 2528 1714 2580 ΚΞ
1731 2528 1993 2571 habeant.²⁴⁰

472 2648 512 2669 zu
629 2647 638 2656 ’

472 2703 514 2725 ”⁸
524 2647 856 2746 glbu‘lllltl.‚524:8per
871 2714 1001 2738 omnem
1018 2704 1234 2747 occasionem3
1258 2705 1323 2739 Tit.
1341 2705 1374 2748 8,
1392 2705 1428 2739 2:
1450 2710 1510 2748 per
1525 2705 1636 2739 omnis
1652 2706 1850 2748 occasiones3
1870 2705 1959 2748 Aug.
1976 2703 2032 2748 67,
2049 2705 2085 2740 2:
2107 2709 2168 2748 per

381 2759 586 2794 occasionem
605 2758 814 2801 ualitudinis
839 2758 928 2801 Aug.
949 2759 1005 2802 41,
1029 2759 1063 2794 1:
1085 2764 1145 2802 per
1164 2760 1362 2803 occas-ionem
1385 2760 1505 2795 Claud.
1527 2761 1582 2803 26,
1603 2760 1640 2795 3:
1663 2765 1721 2803 per
1748 2787 1757 2795 .
1782 2787 1790 2796 .
1823 2787 1832 2796 .
1859 2760 2099 2795 blanditiarum
2118 2770 2171 2794 oc-

382 2824 542 2849 cas-iones.

471 2869 510 2890 ²⁸⁶
525 2869 716 2903 Romanum
730 2868 847 2904 verius
862 2868 920 2912 sit,
935 2873 978 2904 ut
991 2868 1079 2903 mihi
1093 2869 1244 2904 uidetur.
2203 2891 2206 2893 Δ

472 2924 511 2946 ¹⁸¹
524 2924 632 2959 Haud
644 2924 715 2959 scio
727 2935 773 2958 an
785 2935 814 2958 c.
827 2924 848 2958 9
864 2923 913 2967 (p.
929 2922 1003 2967 107,
1016 2922 1074 2965 20)
1088 2925 1295 2968 retorhicum,
1307 2925 1403 2968 quod
1414 2925 1451 2960 in
1462 2923 1505 2960 M
1517 2930 1599 2969 post
1610 2926 1765 2961 orbilium
1777 2925 1923 2968 margini
1935 2915 2165 2972 adfixumffest,

383 2983 420 3014 et
447 2979 655 3021 rhetoricum,
683 2978 781 3022 quod
807 2979 845 3013 in
873 2977 906 3013 K
934 2979 971 3014 in
1001 2984 1137 3015 textum
1165 2984 1250 3015 ante
1275 2981 1529 3023 grammaticum
1557 2980 1714 3024 inrepsit,
1740 2981 1788 3016 ad
1814 2980 1901 3016 illud
1924 2980 2168 3023 compendium

382 3034 562 3070 referenda
576 3034 658 3069 sint.
704 3034 793 3069 Vide
807 3034 898 3069 infra
912 3045 948 3077 p.
969 3034 1032 3069 150
1046 3035 1094 3070 ad
1108 3035 1186 3070 init.

468 3090 512 3112 ²⁸⁸
524 3089 612 3124 Vide
625 3089 716 3124 infra
729 3100 765 3132 p.
784 3090 858 3124 159.

470 3146 509 3167 ”⁸
521 3145 610 3180 Vide
623 3144 714 3179 infra
727 3155 763 3188 p.
782 3145 848 3179 166
862 3156 914 3188 sq.

468 3201 510 3223 ²⁰
524 3197 558 3239 Q
567 3200 684 3243 filium
698 3210 718 3235 e
731 3200 883 3235 Pontani
896 3200 984 3235 libro
998 3200 1188 3236 reuocauit.
