<?xml version="1.0" encoding="UTF-8"?>
<!DOCTYPE html PUBLIC "-//W3C//DTD XHTML 1.0 Transitional//EN"
    "http://www.w3.org/TR/xhtml1/DTD/xhtml1-transitional.dtd">
<html xmlns="http://www.w3.org/1999/xhtml" xml:lang="en" lang="en">
 <head>
  <title>
</title>
<meta http-equiv="Content-Type" content="text/html;charset=utf-8" />
  <meta name='ocr-system' content='tesseract 3.04.00' />
  <meta name='ocr-capabilities' content='ocr_page ocr_carea ocr_par ocr_line ocrx_word'/>
</head>
<body>
  <div class='ocr_page' id='page_1' title='image "./defragmentisueto00robiuoft_0139.png"; bbox 0 0 2340 3840; ppageno 0'>
   <div class='ocr_carea' id='block_1_1' title="bbox 133 348 1936 392">
    <p class='ocr_par' dir='ltr' id='par_1_1' title="bbox 133 348 1936 392">
     <span class='ocr_line' id='line_1_1' title="bbox 133 348 1936 392; baseline 0 -8"><span class='ocrx_word' id='word_1_1' title='bbox 133 349 212 392; x_wconf 78' lang='lat'><strong>635]</strong></span> <span class='ocrx_word' id='word_1_2' title='bbox 534 349 597 382; x_wconf 90' lang='grc' dir='ltr'>ΕΤ</span> <span class='ocrx_word' id='word_1_3' title='bbox 613 348 923 384; x_wconf 88' lang='lat' dir='ltr'>RHETORIBVS</span> <span class='ocrx_word' id='word_1_4' title='bbox 941 348 1167 384; x_wconf 92' lang='lat' dir='ltr'>CODICVM</span> <span class='ocrx_word' id='word_1_5' title='bbox 1184 349 1322 383; x_wconf 87' lang='lat' dir='ltr'>NEXV</span> <span class='ocrx_word' id='word_1_6' title='bbox 1339 349 1403 382; x_wconf 92' lang='lat' dir='ltr'>ET</span> <span class='ocrx_word' id='word_1_7' title='bbox 1419 349 1534 383; x_wconf 91' lang='lat' dir='ltr'><strong>FIDE</strong></span> <span class='ocrx_word' id='word_1_8' title='bbox 1874 349 1936 384; x_wconf 86' lang='grc'>135</span> 
     </span>
    </p>
   </div>
   <div class='ocr_carea' id='block_1_2' title="bbox 85 457 1937 2595">
    <p class='ocr_par' dir='ltr' id='par_1_2' title="bbox 85 457 1935 922">
     <span class='ocr_line' id='line_1_2' title="bbox 131 457 1935 519; baseline -0.001 -16"><span class='ocrx_word' id='word_1_9' title='bbox 131 461 244 504; x_wconf 72' lang='lat' dir='ltr'>m&#39;lril</span> <span class='ocrx_word' id='word_1_10' title='bbox 262 460 450 519; x_wconf 74' lang='lat' dir='ltr'>addidit.</span> <span class='ocrx_word' id='word_1_11' title='bbox 502 461 552 502; x_wconf 87' lang='lat' dir='ltr'>C.</span> <span class='ocrx_word' id='word_1_12' title='bbox 575 461 599 501; x_wconf 95' lang='lat'><strong>2</strong></span> <span class='ocrx_word' id='word_1_13' title='bbox 619 459 679 513; x_wconf 91' lang='lat' dir='ltr'>(p.</span> <span class='ocrx_word' id='word_1_14' title='bbox 705 461 797 511; x_wconf 90' lang='lat'><strong>101,</strong></span> <span class='ocrx_word' id='word_1_15' title='bbox 820 457 860 510; x_wconf 91' lang='lat'>2)</span> <span class='ocrx_word' id='word_1_16' title='bbox 884 460 942 502; x_wconf 92' lang='lat' dir='ltr'>ad</span> <span class='ocrx_word' id='word_1_17' title='bbox 961 465 1223 502; x_wconf 78' lang='lat' dir='ltr'><em>retractarent</em></span> <span class='ocrx_word' id='word_1_18' title='bbox 1253 460 1549 502; x_wconf 88' lang='lat' dir='ltr'>coniecturam</span> <span class='ocrx_word' id='word_1_19' title='bbox 1578 466 1836 504; x_wconf 79' lang='lat' dir='ltr'>retrectarent</span> <span class='ocrx_word' id='word_1_20' title='bbox 1862 459 1935 502; x_wconf 92' lang='lat' dir='ltr'>lit-</span> 
     </span>
     <span class='ocr_line' id='line_1_3' title="bbox 129 523 1933 581; baseline -0.001 -11"><span class='ocrx_word' id='word_1_21' title='bbox 129 533 225 570; x_wconf 74' lang='lat' dir='ltr'>tera</span> <span class='ocrx_word' id='word_1_22' title='bbox 239 541 261 570; x_wconf 78' lang='grc' dir='ltr'><strong><em>ο</em></strong></span> <span class='ocrx_word' id='word_1_23' title='bbox 274 538 407 581; x_wconf 82' lang='lat' dir='ltr'>supra</span> <span class='ocrx_word' id='word_1_24' title='bbox 422 541 449 569; x_wconf 84' lang='lat' dir='ltr'>a</span> <span class='ocrx_word' id='word_1_25' title='bbox 463 526 627 580; x_wconf 88' lang='lat' dir='ltr'>scripta</span> <span class='ocrx_word' id='word_1_26' title='bbox 641 526 888 580; x_wconf 92' lang='lat' dir='ltr'>proposuit;</span> <span class='ocrx_word' id='word_1_27' title='bbox 905 540 941 568; x_wconf 88' lang='lat' dir='ltr'>c.</span> <span class='ocrx_word' id='word_1_28' title='bbox 960 528 983 567; x_wconf 92' lang='lat'><strong>2</strong></span> <span class='ocrx_word' id='word_1_29' title='bbox 999 525 1059 580; x_wconf 92' lang='lat' dir='ltr'>(p.</span> <span class='ocrx_word' id='word_1_30' title='bbox 1081 527 1172 578; x_wconf 93' lang='lat'><strong>101,</strong></span> <span class='ocrx_word' id='word_1_31' title='bbox 1191 524 1231 578; x_wconf 95' lang='grc'>7)</span> <span class='ocrx_word' id='word_1_32' title='bbox 1249 527 1325 568; x_wconf 92' lang='lat' dir='ltr'>ubi</span> <span class='ocrx_word' id='word_1_33' title='bbox 1341 540 1489 569; x_wconf 90' lang='lat' dir='ltr'>omnes</span> <span class='ocrx_word' id='word_1_34' title='bbox 1506 526 1674 569; x_wconf 91' lang='lat' dir='ltr'>codices</span> <span class='ocrx_word' id='word_1_35' title='bbox 1689 533 1862 580; x_wconf 88' lang='lat' dir='ltr'>praeter</span> <span class='ocrx_word' id='word_1_36' title='bbox 1879 523 1933 569; x_wconf 87' lang='lat' dir='ltr'>W</span> 
     </span>
     <span class='ocr_line' id='line_1_4' title="bbox 129 590 1934 647; baseline -0.001 -10"><span class='ocrx_word' id='word_1_37' title='bbox 129 593 241 637; x_wconf 67' lang='lat' dir='ltr'>falso</span> <span class='ocrx_word' id='word_1_38' title='bbox 254 595 415 637; x_wconf 60' lang='lat' dir='ltr'>vectius</span> <span class='ocrx_word' id='word_1_39' title='bbox 429 592 600 645; x_wconf 81' lang='lat' dir='ltr'>(uettius</span> <span class='ocrx_word' id='word_1_40' title='bbox 617 590 671 644; x_wconf 93' lang='grc' dir='ltr'>Ο)</span> <span class='ocrx_word' id='word_1_41' title='bbox 693 595 752 647; x_wconf 73' lang='lat' dir='ltr'>Q.</span> <span class='ocrx_word' id='word_1_42' title='bbox 770 594 1029 646; x_wconf 81' lang='lat' dir='ltr'><em>philocomus</em></span> <span class='ocrx_word' id='word_1_43' title='bbox 1043 592 1131 644; x_wconf 91' lang='lat' dir='ltr'>(uel</span> <span class='ocrx_word' id='word_1_44' title='bbox 1145 591 1423 646; x_wconf 66' lang='lat' dir='ltr'>philocomus)</span> <span class='ocrx_word' id='word_1_45' title='bbox 1441 605 1521 646; x_wconf 92' lang='lat' dir='ltr'>pro</span> <span class='ocrx_word' id='word_1_46' title='bbox 1531 594 1768 647; x_wconf 79' lang='lat' dir='ltr'>Vettiusque</span> <span class='ocrx_word' id='word_1_47' title='bbox 1787 594 1934 636; x_wconf 84' lang='lat' dir='ltr'>Philo-</span> 
     </span>
     <span class='ocr_line' id='line_1_5' title="bbox 128 660 1933 714; baseline -0.001 -10"><span class='ocrx_word' id='word_1_48' title='bbox 128 674 270 704; x_wconf 73' lang='lat' dir='ltr'>comus</span> <span class='ocrx_word' id='word_1_49' title='bbox 288 667 522 712; x_wconf 85' lang='lat' dir='ltr'>testantur,</span> <span class='ocrx_word' id='word_1_50' title='bbox 543 660 747 702; x_wconf 84' lang='lat' dir='ltr'>uoculam</span> <span class='ocrx_word' id='word_1_51' title='bbox 765 665 802 702; x_wconf 81' lang='lat' dir='ltr'>et</span> <span class='ocrx_word' id='word_1_52' title='bbox 821 660 935 702; x_wconf 89' lang='lat' dir='ltr'>inter</span> <span class='ocrx_word' id='word_1_53' title='bbox 953 661 1112 702; x_wconf 82' lang='lat' dir='ltr'>uectius</span> <span class='ocrx_word' id='word_1_54' title='bbox 1132 667 1177 702; x_wconf 90' lang='lat' dir='ltr'>et</span> <span class='ocrx_word' id='word_1_55' title='bbox 1199 662 1258 714; x_wconf 73' lang='lat' dir='ltr'>Q.</span> <span class='ocrx_word' id='word_1_56' title='bbox 1279 672 1411 713; x_wconf 90' lang='lat' dir='ltr'>supra</span> <span class='ocrx_word' id='word_1_57' title='bbox 1430 673 1605 703; x_wconf 90' lang='lat' dir='ltr'>uersum</span> <span class='ocrx_word' id='word_1_58' title='bbox 1623 660 1809 713; x_wconf 87' lang='lat' dir='ltr'>scripsit.</span> <span class='ocrx_word' id='word_1_59' title='bbox 1860 660 1933 702; x_wconf 89' lang='lat' dir='ltr'>Ei·</span> 
     </span>
     <span class='ocr_line' id='line_1_6' title="bbox 129 724 1933 780; baseline -0.002 -9"><span class='ocrx_word' id='word_1_60' title='bbox 129 727 230 771; x_wconf 88' lang='lat' dir='ltr'>dem</span> <span class='ocrx_word' id='word_1_61' title='bbox 244 727 421 771; x_wconf 86' lang='lat' dir='ltr'>librario</span> <span class='ocrx_word' id='word_1_62' title='bbox 438 741 474 770; x_wconf 92' lang='lat' dir='ltr'>c.</span> <span class='ocrx_word' id='word_1_63' title='bbox 493 728 521 768; x_wconf 89' lang='lat'>4</span> <span class='ocrx_word' id='word_1_64' title='bbox 549 727 611 780; x_wconf 95' lang='lat' dir='ltr'>(p.</span> <span class='ocrx_word' id='word_1_65' title='bbox 634 728 726 778; x_wconf 90' lang='grc'>103,</span> <span class='ocrx_word' id='word_1_66' title='bbox 749 724 815 777; x_wconf 88' lang='grc'>13)</span> <span class='ocrx_word' id='word_1_67' title='bbox 834 740 886 768; x_wconf 80' lang='lat' dir='ltr'>ne</span> <span class='ocrx_word' id='word_1_68' title='bbox 903 726 948 767; x_wconf 92' lang='lat' dir='ltr'>in</span> <span class='ocrx_word' id='word_1_69' title='bbox 965 740 1038 768; x_wconf 82' lang='lat' dir='ltr'>nec</span> <span class='ocrx_word' id='word_1_70' title='bbox 1055 734 1300 769; x_wconf 90' lang='lat' dir='ltr'>correctum</span> <span class='ocrx_word' id='word_1_71' title='bbox 1317 727 1528 768; x_wconf 88' lang='lat' dir='ltr'><em>attribuo.</em></span> <span class='ocrx_word' id='word_1_72' title='bbox 1578 727 1659 768; x_wconf 91' lang='lat' dir='ltr'>His</span> <span class='ocrx_word' id='word_1_73' title='bbox 1677 727 1812 769; x_wconf 90' lang='lat' dir='ltr'>etiam</span> <span class='ocrx_word' id='word_1_74' title='bbox 1828 727 1933 769; x_wconf 91' lang='lat' dir='ltr'>locis</span> 
     </span>
     <span class='ocr_line' id='line_1_7' title="bbox 127 793 1930 848; baseline -0.001 -12"><span class='ocrx_word' id='word_1_75' title='bbox 127 794 348 846; x_wconf 76' lang='lat' dir='ltr'>lectiones,</span> <span class='ocrx_word' id='word_1_76' title='bbox 370 807 478 848; x_wconf 86' lang='lat' dir='ltr'>quas</span> <span class='ocrx_word' id='word_1_77' title='bbox 498 794 543 836; x_wconf 91' lang='lat' dir='ltr'>in</span> <span class='ocrx_word' id='word_1_78' title='bbox 559 793 798 847; x_wconf 83' lang='lat' dir='ltr'>exemplari</span> <span class='ocrx_word' id='word_1_79' title='bbox 817 800 1067 846; x_wconf 85' lang='lat' dir='ltr'>reppererat</span> <span class='ocrx_word' id='word_1_80' title='bbox 1086 799 1222 846; x_wconf 90' lang='lat' dir='ltr'>atque</span> <span class='ocrx_word' id='word_1_81' title='bbox 1239 793 1443 846; x_wconf 90' lang='lat' dir='ltr'>primitus</span> <span class='ocrx_word' id='word_1_82' title='bbox 1464 793 1810 846; x_wconf 87' lang='lat' dir='ltr'>transcripserat,</span> <span class='ocrx_word' id='word_1_83' title='bbox 1831 806 1930 846; x_wconf 91' lang='lat' dir='ltr'>pos-</span> 
     </span>
     <span class='ocr_line' id='line_1_8' title="bbox 85 859 1933 922; baseline -0.001 -17"><span class='ocrx_word' id='word_1_84' title='bbox 85 917 90 922; x_wconf 33' lang='lat'><strong>·</strong></span> <span class='ocrx_word' id='word_1_85' title='bbox 129 867 202 905; x_wconf 78' lang='lat' dir='ltr'>tea</span> <span class='ocrx_word' id='word_1_86' title='bbox 217 862 328 905; x_wconf 90' lang='lat' dir='ltr'>bene</span> <span class='ocrx_word' id='word_1_87' title='bbox 345 861 548 904; x_wconf 87' lang='lat' dir='ltr'>correxit:</span> <span class='ocrx_word' id='word_1_88' title='bbox 568 874 604 903; x_wconf 92' lang='lat' dir='ltr'>c.</span> <span class='ocrx_word' id='word_1_89' title='bbox 624 863 663 903; x_wconf 92' lang='grc'>3.</span> <span class='ocrx_word' id='word_1_90' title='bbox 681 859 743 914; x_wconf 92' lang='lat' dir='ltr'>(p.</span> <span class='ocrx_word' id='word_1_91' title='bbox 766 862 858 912; x_wconf 91' lang='lat'><strong>102,</strong></span> <span class='ocrx_word' id='word_1_92' title='bbox 880 859 948 912; x_wconf 88' lang='grc'>13)</span> <span class='ocrx_word' id='word_1_93' title='bbox 967 860 1013 902; x_wconf 92' lang='lat' dir='ltr'>in</span> <span class='ocrx_word' id='word_1_94' title='bbox 1030 860 1247 903; x_wconf 80' lang='lat' dir='ltr'>Catullo¹⁹⁰</span> <span class='ocrx_word' id='word_1_95' title='bbox 1260 860 1449 914; x_wconf 91' lang='lat' dir='ltr'>priorem</span> <span class='ocrx_word' id='word_1_96' title='bbox 1464 861 1659 902; x_wconf 89' lang='lat' dir='ltr'>litteram</span> <span class='ocrx_word' id='word_1_97' title='bbox 1675 861 1691 902; x_wconf 89' lang='lat' dir='ltr'><em>l</em></span> <span class='ocrx_word' id='word_1_98' title='bbox 1706 861 1933 914; x_wconf 82' lang='lat' dir='ltr'>expunxit3</span> 
     </span>
    </p>

    <p class='ocr_par' dir='ltr' id='par_1_3' title="bbox 126 925 1936 1449">
     <span class='ocr_line' id='line_1_9' title="bbox 127 925 1932 983; baseline -0.002 -11"><span class='ocrx_word' id='word_1_99' title='bbox 127 942 165 972; x_wconf 87' lang='lat' dir='ltr'>c.</span> <span class='ocrx_word' id='word_1_100' title='bbox 187 927 237 972; x_wconf 87' lang='grc'>17</span> <span class='ocrx_word' id='word_1_101' title='bbox 255 927 318 983; x_wconf 91' lang='lat' dir='ltr'>(p.</span> <span class='ocrx_word' id='word_1_102' title='bbox 342 930 435 980; x_wconf 86' lang='grc'>113,</span> <span class='ocrx_word' id='word_1_103' title='bbox 458 927 526 981; x_wconf 90' lang='grc'>10)</span> <span class='ocrx_word' id='word_1_104' title='bbox 548 928 699 970; x_wconf 82' lang='lat' dir='ltr'>claruit</span> <span class='ocrx_word' id='word_1_105' title='bbox 716 927 762 970; x_wconf 89' lang='lat' dir='ltr'>in</span> <span class='ocrx_word' id='word_1_106' title='bbox 778 927 1026 969; x_wconf 79' lang='lat' dir='ltr'>inclaruit²⁹¹</span> <span class='ocrx_word' id='word_1_107' title='bbox 1045 927 1230 970; x_wconf 87' lang='lat' dir='ltr'>correxit</span> <span class='ocrx_word' id='word_1_108' title='bbox 1238 942 1248 979; x_wconf 82' lang='lat'><em>3</em></span> <span class='ocrx_word' id='word_1_109' title='bbox 1268 941 1304 970; x_wconf 93' lang='lat' dir='ltr'>c.</span> <span class='ocrx_word' id='word_1_110' title='bbox 1325 928 1377 969; x_wconf 87' lang='lat'>25</span> <span class='ocrx_word' id='word_1_111' title='bbox 1397 926 1459 980; x_wconf 90' lang='lat' dir='ltr'>(p.</span> <span class='ocrx_word' id='word_1_112' title='bbox 1483 929 1575 979; x_wconf 90' lang='lat'>120,</span> <span class='ocrx_word' id='word_1_113' title='bbox 1599 925 1667 978; x_wconf 94' lang='lat'>11)</span> <span class='ocrx_word' id='word_1_114' title='bbox 1688 934 1708 968; x_wconf 79' lang='lat' dir='ltr'>i</span> <span class='ocrx_word' id='word_1_115' title='bbox 1723 926 1844 979; x_wconf 58' lang='lat' dir='ltr'>iis-‚¹⁹²</span> <span class='ocrx_word' id='word_1_116' title='bbox 1862 941 1932 969; x_wconf 88' lang='lat' dir='ltr'>ex-</span> 
     </span>
     <span class='ocr_line' id='line_1_10' title="bbox 127 992 1935 1050; baseline -0.002 -11"><span class='ocrx_word' id='word_1_117' title='bbox 127 995 285 1050; x_wconf 85' lang='lat' dir='ltr'>punxit</span> <span class='ocrx_word' id='word_1_118' title='bbox 302 1002 338 1047; x_wconf 73' lang='grc' dir='ltr'>ῑ;</span> <span class='ocrx_word' id='word_1_119' title='bbox 357 1009 394 1038; x_wconf 92' lang='lat' dir='ltr'>c.</span> <span class='ocrx_word' id='word_1_120' title='bbox 414 997 468 1038; x_wconf 91' lang='lat'>28</span> <span class='ocrx_word' id='word_1_121' title='bbox 485 993 548 1049; x_wconf 92' lang='lat' dir='ltr'>(p.</span> <span class='ocrx_word' id='word_1_122' title='bbox 571 996 663 1046; x_wconf 91' lang='lat'><strong>124,</strong></span> <span class='ocrx_word' id='word_1_123' title='bbox 687 992 755 1046; x_wconf 87' lang='grc'>13)</span> <span class='ocrx_word' id='word_1_124' title='bbox 776 994 822 1036; x_wconf 94' lang='lat' dir='ltr'>in</span> <span class='ocrx_word' id='word_1_125' title='bbox 840 995 997 1047; x_wconf 79' lang='lat' dir='ltr'>epidici</span> <span class='ocrx_word' id='word_1_126' title='bbox 1013 994 1208 1037; x_wconf 86' lang='lat' dir='ltr'>litteram</span> <span class='ocrx_word' id='word_1_127' title='bbox 1227 1008 1247 1036; x_wconf 83' lang='lat' dir='ltr'><em>c</em></span> <span class='ocrx_word' id='word_1_128' title='bbox 1265 1001 1316 1036; x_wconf 91' lang='lat' dir='ltr'>ut</span> <span class='ocrx_word' id='word_1_129' title='bbox 1335 994 1566 1036; x_wconf 88' lang='lat' dir='ltr'>delendam</span> <span class='ocrx_word' id='word_1_130' title='bbox 1583 994 1773 1036; x_wconf 90' lang='lat' dir='ltr'>notauit.</span> <span class='ocrx_word' id='word_1_131' title='bbox 1810 994 1935 1036; x_wconf 91' lang='lat' dir='ltr'>Adde</span> 
     </span>
     <span class='ocr_line' id='line_1_11' title="bbox 129 1059 1936 1118; baseline -0.002 -12"><span class='ocrx_word' id='word_1_132' title='bbox 129 1063 248 1118; x_wconf 91' lang='lat' dir='ltr'>quod</span> <span class='ocrx_word' id='word_1_133' title='bbox 265 1076 302 1106; x_wconf 91' lang='lat' dir='ltr'>c.</span> <span class='ocrx_word' id='word_1_134' title='bbox 321 1064 375 1105; x_wconf 91' lang='lat'>20</span> <span class='ocrx_word' id='word_1_135' title='bbox 389 1061 453 1116; x_wconf 91' lang='lat' dir='ltr'>(p.</span> <span class='ocrx_word' id='word_1_136' title='bbox 474 1063 566 1113; x_wconf 89' lang='lat'><strong>115,</strong></span> <span class='ocrx_word' id='word_1_137' title='bbox 586 1060 629 1113; x_wconf 92' lang='lat'>7)</span> <span class='ocrx_word' id='word_1_138' title='bbox 648 1062 694 1104; x_wconf 92' lang='lat' dir='ltr'>in</span> <span class='ocrx_word' id='word_1_139' title='bbox 711 1059 1005 1115; x_wconf 61' lang='lat' dir='ltr'>polyhistorem</span> <span class='ocrx_word' id='word_1_140' title='bbox 1020 1061 1169 1103; x_wconf 90' lang='lat' dir='ltr'>littera</span> <span class='ocrx_word' id='word_1_141' title='bbox 1185 1063 1226 1113; x_wconf 80' lang='lat' dir='ltr'>h,</span> <span class='ocrx_word' id='word_1_142' title='bbox 1244 1067 1288 1103; x_wconf 91' lang='lat' dir='ltr'>et</span> <span class='ocrx_word' id='word_1_143' title='bbox 1305 1074 1342 1103; x_wconf 90' lang='lat' dir='ltr'>c.</span> <span class='ocrx_word' id='word_1_144' title='bbox 1362 1062 1413 1103; x_wconf 89' lang='lat'>25</span> <span class='ocrx_word' id='word_1_145' title='bbox 1431 1059 1494 1114; x_wconf 94' lang='lat' dir='ltr'>(p.</span> <span class='ocrx_word' id='word_1_146' title='bbox 1516 1062 1608 1112; x_wconf 89' lang='lat'><strong>122,</strong></span> <span class='ocrx_word' id='word_1_147' title='bbox 1628 1059 1699 1112; x_wconf 90' lang='lat'>22)</span> <span class='ocrx_word' id='word_1_148' title='bbox 1719 1061 1764 1102; x_wconf 93' lang='lat' dir='ltr'>in</span> <span class='ocrx_word' id='word_1_149' title='bbox 1780 1074 1936 1114; x_wconf 82' lang='lat' dir='ltr'>rescog-</span> 
     </span>
     <span class='ocr_line' id='line_1_12' title="bbox 126 1127 1936 1182; baseline -0.002 -9"><span class='ocrx_word' id='word_1_150' title='bbox 126 1127 260 1172; x_wconf 73' lang='lat' dir='ltr'>niti¹¹⁸</span> <span class='ocrx_word' id='word_1_151' title='bbox 273 1129 422 1172; x_wconf 89' lang='lat' dir='ltr'>littera</span> <span class='ocrx_word' id='word_1_152' title='bbox 436 1143 458 1171; x_wconf 88' lang='lat' dir='ltr'>s</span> <span class='ocrx_word' id='word_1_153' title='bbox 473 1129 769 1182; x_wconf 88' lang='lat' dir='ltr'>expungendis</span> <span class='ocrx_word' id='word_1_154' title='bbox 786 1129 1001 1170; x_wconf 86' lang='lat' dir='ltr'>medelam</span> <span class='ocrx_word' id='word_1_155' title='bbox 1011 1129 1181 1170; x_wconf 82' lang='lat' dir='ltr'>adferre</span> <span class='ocrx_word' id='word_1_156' title='bbox 1191 1128 1274 1170; x_wconf 88' lang='lat' dir='ltr'>sibi</span> <span class='ocrx_word' id='word_1_157' title='bbox 1285 1129 1404 1170; x_wconf 90' lang='lat' dir='ltr'>uisus</span> <span class='ocrx_word' id='word_1_158' title='bbox 1416 1127 1549 1170; x_wconf 80' lang='lat' dir='ltr'>est.¹⁹⁴</span> <span class='ocrx_word' id='word_1_159' title='bbox 1578 1128 1698 1170; x_wconf 89' lang='lat' dir='ltr'>Caue</span> <span class='ocrx_word' id='word_1_160' title='bbox 1714 1134 1866 1170; x_wconf 89' lang='lat' dir='ltr'>tamen</span> <span class='ocrx_word' id='word_1_161' title='bbox 1881 1141 1936 1170; x_wconf 89' lang='lat' dir='ltr'>ne</span> 
     </span>
     <span class='ocr_line' id='line_1_13' title="bbox 126 1194 1936 1250; baseline -0.001 -11"><span class='ocrx_word' id='word_1_162' title='bbox 126 1196 289 1249; x_wconf 77' lang='lat' dir='ltr'>omnia,</span> <span class='ocrx_word' id='word_1_163' title='bbox 317 1209 430 1250; x_wconf 84' lang='lat' dir='ltr'>quae</span> <span class='ocrx_word' id='word_1_164' title='bbox 455 1196 526 1238; x_wconf 87' lang='lat' dir='ltr'>hic</span> <span class='ocrx_word' id='word_1_165' title='bbox 549 1195 752 1238; x_wconf 85' lang='lat' dir='ltr'>librarius</span> <span class='ocrx_word' id='word_1_166' title='bbox 776 1209 910 1249; x_wconf 89' lang='lat' dir='ltr'>supra</span> <span class='ocrx_word' id='word_1_167' title='bbox 935 1209 1111 1238; x_wconf 91' lang='lat' dir='ltr'>uersum</span> <span class='ocrx_word' id='word_1_168' title='bbox 1135 1195 1324 1249; x_wconf 89' lang='lat' dir='ltr'>scripsit,</span> <span class='ocrx_word' id='word_1_169' title='bbox 1350 1209 1431 1249; x_wconf 93' lang='lat' dir='ltr'>pro</span> <span class='ocrx_word' id='word_1_170' title='bbox 1455 1194 1650 1237; x_wconf 91' lang='lat' dir='ltr'>eiusdem</span> <span class='ocrx_word' id='word_1_171' title='bbox 1676 1194 1936 1237; x_wconf 88' lang='lat' dir='ltr'>coniecturis</span> 
     </span>
     <span class='ocr_line' id='line_1_14' title="bbox 127 1261 1936 1318; baseline -0.002 -11"><span class='ocrx_word' id='word_1_172' title='bbox 127 1263 290 1318; x_wconf 73' lang='lat' dir='ltr'>capias,</span> <span class='ocrx_word' id='word_1_173' title='bbox 305 1277 406 1305; x_wconf 90' lang='lat' dir='ltr'>cum</span> <span class='ocrx_word' id='word_1_174' title='bbox 421 1263 657 1305; x_wconf 89' lang='lat' dir='ltr'>nonnullae</span> <span class='ocrx_word' id='word_1_175' title='bbox 671 1262 910 1305; x_wconf 89' lang='lat' dir='ltr'>lectionum</span> <span class='ocrx_word' id='word_1_176' title='bbox 925 1263 1163 1305; x_wconf 91' lang='lat' dir='ltr'>uarietates</span> <span class='ocrx_word' id='word_1_177' title='bbox 1180 1263 1354 1316; x_wconf 84' lang='lat' dir='ltr'>quaein</span> <span class='ocrx_word' id='word_1_178' title='bbox 1369 1262 1666 1305; x_wconf 82' lang='lat' dir='ltr'>Hersfeldensi</span> <span class='ocrx_word' id='word_1_179' title='bbox 1681 1262 1791 1304; x_wconf 92' lang='lat' dir='ltr'>libro</span> <span class='ocrx_word' id='word_1_180' title='bbox 1807 1261 1876 1304; x_wconf 91' lang='lat' dir='ltr'>uel</span> <span class='ocrx_word' id='word_1_181' title='bbox 1890 1261 1936 1303; x_wconf 91' lang='lat' dir='ltr'>in</span> 
     </span>
     <span class='ocr_line' id='line_1_15' title="bbox 126 1326 1933 1383; baseline -0.002 -10"><span class='ocrx_word' id='word_1_182' title='bbox 126 1330 275 1373; x_wconf 82' lang='lat' dir='ltr'>codice</span> <span class='ocrx_word' id='word_1_183' title='bbox 290 1327 326 1372; x_wconf 85' lang='lat' dir='ltr'>Y</span> <span class='ocrx_word' id='word_1_184' title='bbox 339 1343 386 1373; x_wconf 89' lang='lat' dir='ltr'>se</span> <span class='ocrx_word' id='word_1_185' title='bbox 399 1330 625 1375; x_wconf 89' lang='lat' dir='ltr'>habebant</span> <span class='ocrx_word' id='word_1_186' title='bbox 641 1330 686 1371; x_wconf 92' lang='lat' dir='ltr'>in</span> <span class='ocrx_word' id='word_1_187' title='bbox 702 1329 818 1372; x_wconf 92' lang='lat' dir='ltr'>hunc</span> <span class='ocrx_word' id='word_1_188' title='bbox 834 1343 1009 1383; x_wconf 91' lang='lat' dir='ltr'>quoque</span> <span class='ocrx_word' id='word_1_189' title='bbox 1024 1330 1218 1372; x_wconf 91' lang='lat' dir='ltr'>codicem</span> <span class='ocrx_word' id='word_1_190' title='bbox 1234 1329 1578 1380; x_wconf 85' lang='lat' dir='ltr'>manauerint,¹⁹⁵</span> <span class='ocrx_word' id='word_1_191' title='bbox 1593 1329 1714 1371; x_wconf 91' lang='lat' dir='ltr'>uelut</span> <span class='ocrx_word' id='word_1_192' title='bbox 1731 1342 1767 1370; x_wconf 93' lang='lat' dir='ltr'>c.</span> <span class='ocrx_word' id='word_1_193' title='bbox 1790 1330 1853 1379; x_wconf 90' lang='lat'>16,</span> <span class='ocrx_word' id='word_1_194' title='bbox 1871 1326 1933 1381; x_wconf 91' lang='lat' dir='ltr'>(p.</span> 
     </span>
     <span class='ocr_line' id='line_1_16' title="bbox 131 1384 501 1449; baseline -0.005 -9"><span class='ocrx_word' id='word_1_195' title='bbox 131 1398 224 1449; x_wconf 91' lang='lat'><strong>112,</strong></span> <span class='ocrx_word' id='word_1_196' title='bbox 242 1395 312 1449; x_wconf 89' lang='lat'>16)</span> <span class='ocrx_word' id='word_1_197' title='bbox 326 1384 501 1440; x_wconf 50' lang='grc' dir='ltr'>πῶμ’*</span> 
     </span>
    </p>

    <p class='ocr_par' dir='ltr' id='par_1_4' title="bbox 125 1461 1935 2120">
     <span class='ocr_line' id='line_1_17' title="bbox 210 1461 1933 1517; baseline -0.002 -11"><span class='ocrx_word' id='word_1_198' title='bbox 210 1463 318 1506; x_wconf 67' lang='lat' dir='ltr'>Trae</span> <span class='ocrx_word' id='word_1_199' title='bbox 335 1463 625 1517; x_wconf 87' lang='lat' dir='ltr'>posteriorum</span> <span class='ocrx_word' id='word_1_200' title='bbox 647 1476 802 1505; x_wconf 88' lang='lat' dir='ltr'>manus</span> <span class='ocrx_word' id='word_1_201' title='bbox 822 1463 868 1504; x_wconf 90' lang='lat' dir='ltr'>in</span> <span class='ocrx_word' id='word_1_202' title='bbox 887 1476 939 1505; x_wconf 91' lang='lat' dir='ltr'>ea</span> <span class='ocrx_word' id='word_1_203' title='bbox 957 1469 1084 1516; x_wconf 91' lang='lat' dir='ltr'>parte</span> <span class='ocrx_word' id='word_1_204' title='bbox 1103 1463 1232 1504; x_wconf 91' lang='lat' dir='ltr'>huius</span> <span class='ocrx_word' id='word_1_205' title='bbox 1258 1462 1431 1514; x_wconf 89' lang='lat' dir='ltr'>codicis,</span> <span class='ocrx_word' id='word_1_206' title='bbox 1463 1475 1552 1515; x_wconf 92' lang='lat' dir='ltr'>qua</span> <span class='ocrx_word' id='word_1_207' title='bbox 1579 1461 1749 1504; x_wconf 90' lang='lat' dir='ltr'>libellus</span> <span class='ocrx_word' id='word_1_208' title='bbox 1780 1462 1933 1504; x_wconf 89' lang='lat' dir='ltr'>Sueto-</span> 
     </span>
     <span class='ocr_line' id='line_1_18' title="bbox 126 1529 1933 1585; baseline -0.002 -11"><span class='ocrx_word' id='word_1_209' title='bbox 126 1530 284 1574; x_wconf 76' lang='lat' dir='ltr'>nianus</span> <span class='ocrx_word' id='word_1_210' title='bbox 303 1531 567 1582; x_wconf 88' lang='lat' dir='ltr'>continetur,</span> <span class='ocrx_word' id='word_1_211' title='bbox 589 1531 670 1572; x_wconf 92' lang='lat' dir='ltr'>uiri</span> <span class='ocrx_word' id='word_1_212' title='bbox 701 1531 821 1573; x_wconf 87' lang='lat' dir='ltr'>docti</span> <span class='ocrx_word' id='word_1_213' title='bbox 850 1531 1140 1585; x_wconf 88' lang='lat' dir='ltr'>distinguunt,</span> <span class='ocrx_word' id='word_1_214' title='bbox 1176 1545 1362 1584; x_wconf 90' lang='lat' dir='ltr'>quorum</span> <span class='ocrx_word' id='word_1_215' title='bbox 1395 1544 1528 1572; x_wconf 90' lang='lat' dir='ltr'>unam</span> <span class='ocrx_word' id='word_1_216' title='bbox 1561 1530 1692 1572; x_wconf 89' lang='lat' dir='ltr'>semel</span> <span class='ocrx_word' id='word_1_217' title='bbox 1725 1530 1856 1571; x_wconf 92' lang='lat' dir='ltr'>modo</span> <span class='ocrx_word' id='word_1_218' title='bbox 1888 1529 1933 1570; x_wconf 93' lang='lat' dir='ltr'>in</span> 
     </span>
     <span class='ocr_line' id='line_1_19' title="bbox 125 1595 1933 1651; baseline -0.002 -11"><span class='ocrx_word' id='word_1_219' title='bbox 125 1598 262 1641; x_wconf 86' lang='lat' dir='ltr'>libelli</span> <span class='ocrx_word' id='word_1_220' title='bbox 274 1598 402 1640; x_wconf 90' lang='lat' dir='ltr'>initio</span> <span class='ocrx_word' id='word_1_221' title='bbox 415 1599 624 1641; x_wconf 87' lang='lat' dir='ltr'>inuenies.</span> <span class='ocrx_word' id='word_1_222' title='bbox 658 1599 706 1640; x_wconf 91' lang='lat' dir='ltr'>C.</span> <span class='ocrx_word' id='word_1_223' title='bbox 728 1601 746 1640; x_wconf 94' lang='lat'>1</span> <span class='ocrx_word' id='word_1_224' title='bbox 766 1597 826 1651; x_wconf 91' lang='lat' dir='ltr'>(p.</span> <span class='ocrx_word' id='word_1_225' title='bbox 848 1601 939 1649; x_wconf 88' lang='lat'><strong>100,</strong></span> <span class='ocrx_word' id='word_1_226' title='bbox 957 1597 1001 1649; x_wconf 89' lang='grc'>3)</span> <span class='ocrx_word' id='word_1_227' title='bbox 1020 1598 1095 1639; x_wconf 90' lang='lat' dir='ltr'>ubi</span> <span class='ocrx_word' id='word_1_228' title='bbox 1111 1598 1301 1640; x_wconf 87' lang='lat' dir='ltr'>Pontani</span> <span class='ocrx_word' id='word_1_229' title='bbox 1313 1596 1374 1650; x_wconf 83' lang='lat'>(?)</span> <span class='ocrx_word' id='word_1_230' title='bbox 1393 1598 1643 1639; x_wconf 90' lang='lat' dir='ltr'>coniectura</span> <span class='ocrx_word' id='word_1_231' title='bbox 1667 1595 1841 1648; x_wconf 85' lang='lat' dir='ltr'>(studiis</span> <span class='ocrx_word' id='word_1_232' title='bbox 1861 1610 1933 1638; x_wconf 90' lang='lat' dir='ltr'>ue-</span> 
     </span>
     <span class='ocr_line' id='line_1_20' title="bbox 126 1661 1932 1717; baseline -0.002 -10"><span class='ocrx_word' id='word_1_233' title='bbox 126 1663 216 1708; x_wconf 77' lang='lat' dir='ltr'>rius</span> <span class='ocrx_word' id='word_1_234' title='bbox 230 1663 463 1707; x_wconf 82' lang='lat' dir='ltr'>coniecisse</span> <span class='ocrx_word' id='word_1_235' title='bbox 479 1664 654 1706; x_wconf 91' lang='lat' dir='ltr'>uidetur</span> <span class='ocrx_word' id='word_1_236' title='bbox 666 1665 1046 1706; x_wconf 89' lang='lat' dir='ltr'>Schoenemannus</span> <span class='ocrx_word' id='word_1_237' title='bbox 1065 1677 1199 1717; x_wconf 90' lang='lat' dir='ltr'>quam</span> <span class='ocrx_word' id='word_1_238' title='bbox 1211 1663 1420 1706; x_wconf 88' lang='lat' dir='ltr'>Wissowa</span> <span class='ocrx_word' id='word_1_239' title='bbox 1435 1661 1607 1714; x_wconf 79' lang='lat' dir='ltr'>artibus)</span> <span class='ocrx_word' id='word_1_240' title='bbox 1621 1662 1725 1705; x_wconf 91' lang='lat' dir='ltr'>olim</span> <span class='ocrx_word' id='word_1_241' title='bbox 1736 1662 1932 1713; x_wconf 84' lang='lat' dir='ltr'>extabat,</span> 
     </span>
     <span class='ocr_line' id='line_1_21' title="bbox 127 1727 1931 1784; baseline -0.002 -10"><span class='ocrx_word' id='word_1_242' title='bbox 127 1730 235 1774; x_wconf 82' lang='lat' dir='ltr'>haec</span> <span class='ocrx_word' id='word_1_243' title='bbox 252 1743 408 1774; x_wconf 82' lang='lat' dir='ltr'>manus</span> <span class='ocrx_word' id='word_1_244' title='bbox 427 1744 576 1774; x_wconf 90' lang='lat' dir='ltr'>ueram</span> <span class='ocrx_word' id='word_1_245' title='bbox 595 1731 858 1784; x_wconf 89' lang='lat' dir='ltr'>scripturam</span> <span class='ocrx_word' id='word_1_246' title='bbox 875 1732 1132 1784; x_wconf 83' lang='lat' dir='ltr'>disciplinis,</span> <span class='ocrx_word' id='word_1_247' title='bbox 1152 1731 1273 1772; x_wconf 89' lang='lat' dir='ltr'>cuius</span> <span class='ocrx_word' id='word_1_248' title='bbox 1293 1730 1417 1772; x_wconf 91' lang='lat' dir='ltr'>uerbi</span> <span class='ocrx_word' id='word_1_249' title='bbox 1433 1730 1607 1773; x_wconf 91' lang='lat' dir='ltr'>litterae</span> <span class='ocrx_word' id='word_1_250' title='bbox 1625 1727 1713 1771; x_wconf 82' lang='lat' dir='ltr'>-nis</span> <span class='ocrx_word' id='word_1_251' title='bbox 1731 1742 1759 1771; x_wconf 91' lang='lat' dir='ltr'>a</span> <span class='ocrx_word' id='word_1_252' title='bbox 1776 1728 1931 1771; x_wconf 91' lang='lat' dir='ltr'>biblio-</span> 
     </span>
     <span class='ocr_line' id='line_1_22' title="bbox 125 1797 1934 1853; baseline -0.002 -12"><span class='ocrx_word' id='word_1_253' title='bbox 125 1810 238 1853; x_wconf 77' lang='lat' dir='ltr'>pega</span> <span class='ocrx_word' id='word_1_254' title='bbox 255 1805 447 1841; x_wconf 64' lang='lat' dir='ltr'>raeeetae</span> <span class='ocrx_word' id='word_1_255' title='bbox 464 1805 583 1850; x_wconf 86' lang='lat' dir='ltr'>sunt,</span> <span class='ocrx_word' id='word_1_256' title='bbox 605 1798 789 1852; x_wconf 89' lang='lat' dir='ltr'>margini</span> <span class='ocrx_word' id='word_1_257' title='bbox 807 1798 979 1840; x_wconf 91' lang='lat' dir='ltr'>adiecit.</span> <span class='ocrx_word' id='word_1_258' title='bbox 1033 1799 1262 1840; x_wconf 88' lang='lat' dir='ltr'>Corrector</span> <span class='ocrx_word' id='word_1_259' title='bbox 1279 1797 1494 1850; x_wconf 86' lang='lat' dir='ltr'>posterior</span> <span class='ocrx_word' id='word_1_260' title='bbox 1512 1803 1677 1848; x_wconf 89' lang='lat' dir='ltr'>autem,</span> <span class='ocrx_word' id='word_1_261' title='bbox 1698 1810 1829 1850; x_wconf 92' lang='lat' dir='ltr'>quem</span> <span class='ocrx_word' id='word_1_262' title='bbox 1847 1797 1934 1838; x_wconf 86' lang='lat' dir='ltr'>m.3</span> 
     </span>
     <span class='ocr_line' id='line_1_23' title="bbox 127 1863 1934 1918; baseline -0.002 -10"><span class='ocrx_word' id='word_1_263' title='bbox 127 1865 320 1917; x_wconf 84' lang='lat' dir='ltr'>nomino,</span> <span class='ocrx_word' id='word_1_264' title='bbox 338 1865 529 1908; x_wconf 86' lang='lat' dir='ltr'>Pontani</span> <span class='ocrx_word' id='word_1_265' title='bbox 546 1865 842 1908; x_wconf 89' lang='lat' dir='ltr'>coniecturam</span> <span class='ocrx_word' id='word_1_266' title='bbox 858 1865 1052 1908; x_wconf 89' lang='lat' dir='ltr'>radendo</span> <span class='ocrx_word' id='word_1_267' title='bbox 1070 1865 1231 1907; x_wconf 91' lang='lat' dir='ltr'>deleuit</span> <span class='ocrx_word' id='word_1_268' title='bbox 1248 1872 1383 1918; x_wconf 87' lang='lat' dir='ltr'>atque</span> <span class='ocrx_word' id='word_1_269' title='bbox 1399 1864 1631 1907; x_wconf 92' lang='lat' dir='ltr'>lectionem</span> <span class='ocrx_word' id='word_1_270' title='bbox 1650 1863 1934 1917; x_wconf 90' lang='lat' dir='ltr'>marginalem</span> 
     </span>
     <span class='ocr_line' id='line_1_24' title="bbox 127 1932 1935 1986; baseline -0.002 -11"><span class='ocrx_word' id='word_1_271' title='bbox 127 1932 432 1986; x_wconf 82' lang='lat' dir='ltr'>compendiose</span> <span class='ocrx_word' id='word_1_272' title='bbox 449 1933 655 1986; x_wconf 72' lang='lat' dir='ltr'>discipvis</span> <span class='ocrx_word' id='word_1_273' title='bbox 672 1932 718 1974; x_wconf 92' lang='lat' dir='ltr'>in</span> <span class='ocrx_word' id='word_1_274' title='bbox 735 1945 886 1974; x_wconf 89' lang='lat' dir='ltr'>rasura</span> <span class='ocrx_word' id='word_1_275' title='bbox 904 1932 1089 1986; x_wconf 89' lang='lat' dir='ltr'>scripsit.</span> <span class='ocrx_word' id='word_1_276' title='bbox 1130 1933 1311 1974; x_wconf 89' lang='lat' dir='ltr'>Temere</span> <span class='ocrx_word' id='word_1_277' title='bbox 1331 1932 1712 1974; x_wconf 90' lang='lat' dir='ltr'>Schoenemannus</span> <span class='ocrx_word' id='word_1_278' title='bbox 1730 1941 1935 1983; x_wconf 90' lang='lat' dir='ltr'>compen-</span> 
     </span>
     <span class='ocr_line' id='line_1_25' title="bbox 127 1997 1935 2053; baseline -0.001 -12"><span class='ocrx_word' id='word_1_279' title='bbox 127 1998 250 2042; x_wconf 88' lang='lat' dir='ltr'>dium</span> <span class='ocrx_word' id='word_1_280' title='bbox 273 1999 494 2053; x_wconf 74' lang='lat' dir='ltr'>discipvis,</span> <span class='ocrx_word' id='word_1_281' title='bbox 521 2000 640 2053; x_wconf 93' lang='lat' dir='ltr'>quod</span> <span class='ocrx_word' id='word_1_282' title='bbox 665 2006 880 2042; x_wconf 88' lang='lat' dir='ltr'>corrector</span> <span class='ocrx_word' id='word_1_283' title='bbox 905 1999 950 2040; x_wconf 91' lang='lat' dir='ltr'>in</span> <span class='ocrx_word' id='word_1_284' title='bbox 976 2012 1126 2041; x_wconf 90' lang='lat' dir='ltr'>rasura</span> <span class='ocrx_word' id='word_1_285' title='bbox 1151 1999 1337 2052; x_wconf 88' lang='lat' dir='ltr'>scripsit,</span> <span class='ocrx_word' id='word_1_286' title='bbox 1364 2012 1452 2040; x_wconf 91' lang='lat' dir='ltr'>non</span> <span class='ocrx_word' id='word_1_287' title='bbox 1481 1998 1723 2051; x_wconf 78' lang='lat' dir='ltr'>disciplinis</span> <span class='ocrx_word' id='word_1_288' title='bbox 1757 1998 1834 2039; x_wconf 89' lang='lat' dir='ltr'>sed</span> <span class='ocrx_word' id='word_1_289' title='bbox 1870 1997 1935 2039; x_wconf 79' lang='lat' dir='ltr'>di-</span> 
     </span>
     <span class='ocr_line' id='line_1_26' title="bbox 127 2065 863 2120; baseline 0 -12"><span class='ocrx_word' id='word_1_290' title='bbox 127 2066 306 2120; x_wconf 74' lang='lat' dir='ltr'>scipulis</span> <span class='ocrx_word' id='word_1_291' title='bbox 324 2065 566 2120; x_wconf 87' lang='lat' dir='ltr'>significare</span> <span class='ocrx_word' id='word_1_292' title='bbox 585 2065 863 2108; x_wconf 85' lang='lat' dir='ltr'>iudicauit.¹⁹⁷</span> 
     </span>
    </p>

    <p class='ocr_par' dir='ltr' id='par_1_5' title="bbox 126 2130 1937 2595">
     <span class='ocr_line' id='line_1_27' title="bbox 211 2130 1934 2186; baseline -0.002 -11"><span class='ocrx_word' id='word_1_293' title='bbox 211 2132 362 2175; x_wconf 87' lang='lat' dir='ltr'>Altera</span> <span class='ocrx_word' id='word_1_294' title='bbox 385 2140 452 2175; x_wconf 90' lang='lat' dir='ltr'>est</span> <span class='ocrx_word' id='word_1_295' title='bbox 476 2146 632 2175; x_wconf 87' lang='lat' dir='ltr'>manus</span> <span class='ocrx_word' id='word_1_296' title='bbox 657 2133 747 2175; x_wconf 91' lang='lat' dir='ltr'>eius</span> <span class='ocrx_word' id='word_1_297' title='bbox 773 2147 904 2186; x_wconf 90' lang='lat' dir='ltr'>quem</span> <span class='ocrx_word' id='word_1_298' title='bbox 939 2133 1146 2175; x_wconf 90' lang='lat' dir='ltr'>Wissowa</span> <span class='ocrx_word' id='word_1_299' title='bbox 1180 2133 1464 2186; x_wconf 88' lang='lat' dir='ltr'>glossatorem</span> <span class='ocrx_word' id='word_1_300' title='bbox 1487 2130 1574 2183; x_wconf 84' lang='lat' dir='ltr'>(B1)</span> <span class='ocrx_word' id='word_1_301' title='bbox 1605 2131 1819 2182; x_wconf 90' lang='lat' dir='ltr'>nominat,</span> <span class='ocrx_word' id='word_1_302' title='bbox 1854 2143 1934 2184; x_wconf 87' lang='lat' dir='ltr'>ego</span> 
     </span>
     <span class='ocr_line' id='line_1_28' title="bbox 126 2199 1936 2254; baseline -0.002 -11"><span class='ocrx_word' id='word_1_303' title='bbox 126 2199 251 2254; x_wconf 75' lang='lat' dir='ltr'>signo</span> <span class='ocrx_word' id='word_1_304' title='bbox 284 2202 371 2243; x_wconf 80' lang='lat' dir='ltr'>m.2</span> <span class='ocrx_word' id='word_1_305' title='bbox 404 2199 563 2243; x_wconf 89' lang='lat' dir='ltr'>indico.</span> <span class='ocrx_word' id='word_1_306' title='bbox 629 2201 751 2242; x_wconf 91' lang='lat' dir='ltr'>Haec</span> <span class='ocrx_word' id='word_1_307' title='bbox 778 2213 933 2242; x_wconf 89' lang='lat' dir='ltr'>manus</span> <span class='ocrx_word' id='word_1_308' title='bbox 959 2200 1116 2242; x_wconf 90' lang='lat' dir='ltr'>calami</span> <span class='ocrx_word' id='word_1_309' title='bbox 1142 2201 1277 2242; x_wconf 89' lang='lat' dir='ltr'>ductu</span> <span class='ocrx_word' id='word_1_310' title='bbox 1303 2199 1579 2253; x_wconf 87' lang='lat' dir='ltr'>aliquantulo</span> <span class='ocrx_word' id='word_1_311' title='bbox 1604 2199 1776 2241; x_wconf 89' lang='lat' dir='ltr'>exiliore</span> <span class='ocrx_word' id='word_1_312' title='bbox 1801 2204 1936 2251; x_wconf 89' lang='lat' dir='ltr'>atque</span> 
     </span>
     <span class='ocr_line' id='line_1_29' title="bbox 127 2265 1932 2320; baseline -0.002 -11"><span class='ocrx_word' id='word_1_313' title='bbox 127 2265 375 2310; x_wconf 83' lang='lat' dir='ltr'>litterarum</span> <span class='ocrx_word' id='word_1_314' title='bbox 403 2268 554 2309; x_wconf 75' lang='lat' dir='ltr'>formis</span> <span class='ocrx_word' id='word_1_315' title='bbox 582 2267 851 2310; x_wconf 89' lang='lat' dir='ltr'>acutioribus</span> <span class='ocrx_word' id='word_1_316' title='bbox 881 2280 1016 2320; x_wconf 88' lang='lat' dir='ltr'>quam</span> <span class='ocrx_word' id='word_1_317' title='bbox 1045 2280 1157 2320; x_wconf 89' lang='lat' dir='ltr'>quae</span> <span class='ocrx_word' id='word_1_318' title='bbox 1186 2267 1231 2308; x_wconf 92' lang='lat' dir='ltr'>in</span> <span class='ocrx_word' id='word_1_319' title='bbox 1260 2273 1386 2309; x_wconf 87' lang='lat' dir='ltr'>textu</span> <span class='ocrx_word' id='word_1_320' title='bbox 1413 2266 1617 2320; x_wconf 87' lang='lat' dir='ltr'>leguntur</span> <span class='ocrx_word' id='word_1_321' title='bbox 1645 2265 1823 2319; x_wconf 87' lang='lat' dir='ltr'>insignis</span> <span class='ocrx_word' id='word_1_322' title='bbox 1852 2271 1932 2306; x_wconf 90' lang='lat' dir='ltr'>est.</span> 
     </span>
     <span class='ocr_line' id='line_1_30' title="bbox 130 2332 1937 2388; baseline -0.002 -12"><span class='ocrx_word' id='word_1_323' title='bbox 130 2333 215 2376; x_wconf 84' lang='lat' dir='ltr'>Hic</span> <span class='ocrx_word' id='word_1_324' title='bbox 233 2333 447 2388; x_wconf 85' lang='lat' dir='ltr'>glossator</span> <span class='ocrx_word' id='word_1_325' title='bbox 465 2341 594 2377; x_wconf 90' lang='lat' dir='ltr'>notas</span> <span class='ocrx_word' id='word_1_326' title='bbox 609 2334 716 2376; x_wconf 88' lang='lat' dir='ltr'>satis</span> <span class='ocrx_word' id='word_1_327' title='bbox 735 2334 985 2388; x_wconf 88' lang='lat' dir='ltr'>frequentes</span> <span class='ocrx_word' id='word_1_328' title='bbox 1005 2334 1050 2375; x_wconf 89' lang='lat' dir='ltr'>in</span> <span class='ocrx_word' id='word_1_329' title='bbox 1071 2334 1263 2388; x_wconf 88' lang='lat' dir='ltr'>margine</span> <span class='ocrx_word' id='word_1_330' title='bbox 1283 2333 1468 2387; x_wconf 89' lang='lat' dir='ltr'>scripsit,</span> <span class='ocrx_word' id='word_1_331' title='bbox 1483 2333 1547 2375; x_wconf 92' lang='lat' dir='ltr'>ita</span> <span class='ocrx_word' id='word_1_332' title='bbox 1566 2339 1617 2375; x_wconf 90' lang='lat' dir='ltr'>ut</span> <span class='ocrx_word' id='word_1_333' title='bbox 1636 2332 1850 2374; x_wconf 90' lang='lat' dir='ltr'>indiculos</span> <span class='ocrx_word' id='word_1_334' title='bbox 1870 2345 1937 2373; x_wconf 89' lang='lat' dir='ltr'>ar-</span> 
     </span>
     <span class='ocr_line' id='line_1_31' title="bbox 128 2399 1937 2455; baseline -0.003 -11"><span class='ocrx_word' id='word_1_335' title='bbox 128 2400 326 2455; x_wconf 81' lang='lat' dir='ltr'>gumenti</span> <span class='ocrx_word' id='word_1_336' title='bbox 347 2401 584 2453; x_wconf 89' lang='lat' dir='ltr'>exhiberet,</span> <span class='ocrx_word' id='word_1_337' title='bbox 609 2415 738 2443; x_wconf 90' lang='lat' dir='ltr'>uoces</span> <span class='ocrx_word' id='word_1_338' title='bbox 759 2401 1089 2454; x_wconf 86' lang='lat' dir='ltr'>locutionesque</span> <span class='ocrx_word' id='word_1_339' title='bbox 1111 2401 1407 2443; x_wconf 89' lang='lat' dir='ltr'>inusitatiores</span> <span class='ocrx_word' id='word_1_340' title='bbox 1429 2400 1609 2442; x_wconf 92' lang='lat' dir='ltr'>nomina</span> <span class='ocrx_word' id='word_1_341' title='bbox 1630 2399 1807 2453; x_wconf 91' lang='lat' dir='ltr'>propria</span> <span class='ocrx_word' id='word_1_342' title='bbox 1831 2412 1937 2452; x_wconf 90' lang='lat' dir='ltr'>quo-</span> 
     </span>
     <span class='ocr_line' id='line_1_32' title="bbox 129 2470 1937 2525; baseline -0.002 -12"><span class='ocrx_word' id='word_1_343' title='bbox 129 2483 214 2525; x_wconf 88' lang='lat' dir='ltr'>que</span> <span class='ocrx_word' id='word_1_344' title='bbox 243 2477 379 2525; x_wconf 86' lang='lat' dir='ltr'>atque</span> <span class='ocrx_word' id='word_1_345' title='bbox 406 2485 552 2514; x_wconf 86' lang='lat' dir='ltr'>rerum</span> <span class='ocrx_word' id='word_1_346' title='bbox 581 2472 981 2514; x_wconf 90' lang='lat' dir='ltr'>memorabiliorum</span> <span class='ocrx_word' id='word_1_347' title='bbox 1010 2472 1253 2514; x_wconf 88' lang='lat' dir='ltr'>mentiones</span> <span class='ocrx_word' id='word_1_348' title='bbox 1282 2478 1496 2513; x_wconf 88' lang='lat' dir='ltr'>enotaret.</span> <span class='ocrx_word' id='word_1_349' title='bbox 1555 2471 1678 2513; x_wconf 91' lang='lat' dir='ltr'>Haec</span> <span class='ocrx_word' id='word_1_350' title='bbox 1707 2482 1862 2511; x_wconf 90' lang='lat' dir='ltr'>manus</span> <span class='ocrx_word' id='word_1_351' title='bbox 1890 2470 1937 2512; x_wconf 90' lang='lat' dir='ltr'>in</span> 
     </span>
     <span class='ocr_line' id='line_1_33' title="bbox 129 2538 1937 2595; baseline -0.003 -10"><span class='ocrx_word' id='word_1_352' title='bbox 129 2542 357 2585; x_wconf 69' lang='lat' dir='ltr'>Germania</span> <span class='ocrx_word' id='word_1_353' title='bbox 380 2542 500 2584; x_wconf 89' lang='lat' dir='ltr'>nulla</span> <span class='ocrx_word' id='word_1_354' title='bbox 524 2542 713 2594; x_wconf 89' lang='lat' dir='ltr'>uidetur,</span> <span class='ocrx_word' id='word_1_355' title='bbox 738 2542 783 2583; x_wconf 92' lang='lat' dir='ltr'>in</span> <span class='ocrx_word' id='word_1_356' title='bbox 801 2542 1008 2585; x_wconf 90' lang='lat' dir='ltr'>Suetonio</span> <span class='ocrx_word' id='word_1_357' title='bbox 1023 2549 1171 2584; x_wconf 86' lang='lat' dir='ltr'>autem</span> <span class='ocrx_word' id='word_1_358' title='bbox 1188 2555 1288 2583; x_wconf 91' lang='lat' dir='ltr'>cum</span> <span class='ocrx_word' id='word_1_359' title='bbox 1303 2543 1332 2583; x_wconf 81' lang='lat' dir='ltr'>f.</span> <span class='ocrx_word' id='word_1_360' title='bbox 1350 2540 1424 2584; x_wconf 82' lang='lat' dir='ltr'>50v</span> <span class='ocrx_word' id='word_1_361' title='bbox 1443 2541 1498 2594; x_wconf 91' lang='lat' dir='ltr'>(c.</span> <span class='ocrx_word' id='word_1_362' title='bbox 1515 2543 1555 2592; x_wconf 88' lang='lat'>9,</span> <span class='ocrx_word' id='word_1_363' title='bbox 1573 2556 1613 2595; x_wconf 95' lang='lat' dir='ltr'>p.</span> <span class='ocrx_word' id='word_1_364' title='bbox 1636 2539 1727 2592; x_wconf 90' lang='lat'><strong>107,</strong></span> <span class='ocrx_word' id='word_1_365' title='bbox 1747 2538 1784 2591; x_wconf 87' lang='lat'>1)</span> <span class='ocrx_word' id='word_1_366' title='bbox 1802 2539 1937 2581; x_wconf 89' lang='lat' dir='ltr'>uerbo</span> 
     </span>
    </p>
   </div>
   <div class='ocr_carea' id='block_1_3' title="bbox 129 2675 1941 3254">
    <p class='ocr_par' dir='ltr' id='par_1_6' title="bbox 218 2675 609 2721">
     <span class='ocr_line' id='line_1_34' title="bbox 218 2675 609 2721; baseline -0.003 -9"><span class='ocrx_word' id='word_1_367' title='bbox 218 2676 258 2699; x_wconf 61' lang='grc' dir='ltr'><strong>Ν</strong></span> <span class='ocrx_word' id='word_1_368' title='bbox 268 2675 358 2712; x_wconf 87' lang='lat' dir='ltr'>Vide</span> <span class='ocrx_word' id='word_1_369' title='bbox 371 2675 464 2712; x_wconf 79' lang='lat' dir='ltr'>infra</span> <span class='ocrx_word' id='word_1_370' title='bbox 477 2687 514 2721; x_wconf 89' lang='lat' dir='ltr'>p.</span> <span class='ocrx_word' id='word_1_371' title='bbox 533 2677 609 2712; x_wconf 85' lang='lat'><strong>136.</strong></span> 
     </span>
    </p>

    <p class='ocr_par' dir='ltr' id='par_1_7' title="bbox 217 2734 737 2780">
     <span class='ocr_line' id='line_1_35' title="bbox 217 2734 737 2780; baseline 0.002 -10"><span class='ocrx_word' id='word_1_372' title='bbox 217 2735 256 2758; x_wconf 78' lang='lat'>¹⁸¹</span> <span class='ocrx_word' id='word_1_373' title='bbox 268 2734 359 2771; x_wconf 85' lang='lat' dir='ltr'>Vide</span> <span class='ocrx_word' id='word_1_374' title='bbox 371 2734 465 2771; x_wconf 74' lang='lat' dir='ltr'>inira</span> <span class='ocrx_word' id='word_1_375' title='bbox 478 2746 516 2780; x_wconf 89' lang='lat' dir='ltr'>p.</span> <span class='ocrx_word' id='word_1_376' title='bbox 534 2736 595 2770; x_wconf 91' lang='lat'>181</span> <span class='ocrx_word' id='word_1_377' title='bbox 614 2735 660 2770; x_wconf 86' lang='lat' dir='ltr'>ad</span> <span class='ocrx_word' id='word_1_378' title='bbox 677 2736 737 2771; x_wconf 88' lang='lat' dir='ltr'>fin.</span> 
     </span>
    </p>

    <p class='ocr_par' dir='ltr' id='par_1_8' title="bbox 218 2793 604 2839">
     <span class='ocr_line' id='line_1_36' title="bbox 218 2793 604 2839; baseline 0 -9"><span class='ocrx_word' id='word_1_379' title='bbox 218 2794 257 2817; x_wconf 77' lang='lat'>¹⁸⁸</span> <span class='ocrx_word' id='word_1_380' title='bbox 268 2793 359 2830; x_wconf 87' lang='lat' dir='ltr'>Vide</span> <span class='ocrx_word' id='word_1_381' title='bbox 371 2805 479 2839; x_wconf 78' lang='lat' dir='ltr'>supra</span> <span class='ocrx_word' id='word_1_382' title='bbox 494 2805 531 2839; x_wconf 88' lang='lat' dir='ltr'>p.</span> <span class='ocrx_word' id='word_1_383' title='bbox 547 2796 604 2830; x_wconf 82' lang='lat'>93.</span> 
     </span>
    </p>

    <p class='ocr_par' dir='ltr' id='par_1_9' title="bbox 215 2853 604 2899">
     <span class='ocr_line' id='line_1_37' title="bbox 215 2853 604 2899; baseline 0.003 -11"><span class='ocrx_word' id='word_1_384' title='bbox 215 2853 259 2899; x_wconf 75' lang='lat'>,²⁹⁸</span> <span class='ocrx_word' id='word_1_385' title='bbox 271 2853 361 2889; x_wconf 85' lang='lat' dir='ltr'>Vide</span> <span class='ocrx_word' id='word_1_386' title='bbox 374 2864 482 2898; x_wconf 78' lang='lat' dir='ltr'>supra</span> <span class='ocrx_word' id='word_1_387' title='bbox 495 2865 531 2898; x_wconf 90' lang='lat' dir='ltr'>p.</span> <span class='ocrx_word' id='word_1_388' title='bbox 548 2855 604 2889; x_wconf 91' lang='lat'>88.</span> 
     </span>
    </p>

    <p class='ocr_par' dir='ltr' id='par_1_10' title="bbox 130 2910 1940 3013">
     <span class='ocr_line' id='line_1_38' title="bbox 218 2910 1940 2957; baseline -0.002 -9"><span class='ocrx_word' id='word_1_389' title='bbox 218 2912 259 2935; x_wconf 72' lang='lat'>¹⁹⁴</span> <span class='ocrx_word' id='word_1_390' title='bbox 272 2912 314 2948; x_wconf 90' lang='lat' dir='ltr'>C.</span> <span class='ocrx_word' id='word_1_391' title='bbox 326 2913 347 2948; x_wconf 87' lang='lat'>3</span> <span class='ocrx_word' id='word_1_392' title='bbox 357 2911 408 2957; x_wconf 90' lang='lat' dir='ltr'>(p.</span> <span class='ocrx_word' id='word_1_393' title='bbox 420 2913 495 2956; x_wconf 90' lang='lat'><strong>102,</strong></span> <span class='ocrx_word' id='word_1_394' title='bbox 508 2911 560 2955; x_wconf 89' lang='lat'>11)</span> <span class='ocrx_word' id='word_1_395' title='bbox 574 2913 636 2949; x_wconf 91' lang='lat' dir='ltr'>ubi</span> <span class='ocrx_word' id='word_1_396' title='bbox 647 2913 811 2949; x_wconf 82' lang='lat' dir='ltr'>librarius</span> <span class='ocrx_word' id='word_1_397' title='bbox 821 2914 834 2949; x_wconf 86' lang='lat' dir='ltr'>l</span> <span class='ocrx_word' id='word_1_398' title='bbox 846 2913 1004 2949; x_wconf 84' lang='lat' dir='ltr'>litteram</span> <span class='ocrx_word' id='word_1_399' title='bbox 1015 2914 1053 2949; x_wconf 88' lang='lat' dir='ltr'>in</span> <span class='ocrx_word' id='word_1_400' title='bbox 1064 2914 1233 2949; x_wconf 79' lang='lat' dir='ltr'>naeuissus</span> <span class='ocrx_word' id='word_1_401' title='bbox 1245 2914 1414 2957; x_wconf 79' lang='lat' dir='ltr'>expunxit</span> <span class='ocrx_word' id='word_1_402' title='bbox 1426 2913 1602 2956; x_wconf 87' lang='lat' dir='ltr'>suiipsius</span> <span class='ocrx_word' id='word_1_403' title='bbox 1614 2911 1739 2947; x_wconf 84' lang='lat' dir='ltr'>erroris</span> <span class='ocrx_word' id='word_1_404' title='bbox 1751 2910 1940 2946; x_wconf 86' lang='lat' dir='ltr'>correxisse</span> 
     </span>
     <span class='ocr_line' id='line_1_39' title="bbox 130 2966 1578 3013; baseline 0 -9"><span class='ocrx_word' id='word_1_405' title='bbox 130 2967 250 3012; x_wconf 76' lang='lat' dir='ltr'>potius</span> <span class='ocrx_word' id='word_1_406' title='bbox 261 2967 446 3004; x_wconf 67' lang='lat' dir='ltr'>habendus</span> <span class='ocrx_word' id='word_1_407' title='bbox 457 2974 523 3012; x_wconf 67' lang='lat' dir='ltr'>aet,</span> <span class='ocrx_word' id='word_1_408' title='bbox 538 2980 619 3004; x_wconf 90' lang='lat' dir='ltr'>cum</span> <span class='ocrx_word' id='word_1_409' title='bbox 632 2970 787 3005; x_wconf 78' lang='lat' dir='ltr'>melissus</span> <span class='ocrx_word' id='word_1_410' title='bbox 800 2970 838 3004; x_wconf 93' lang='lat' dir='ltr'>in</span> <span class='ocrx_word' id='word_1_411' title='bbox 849 2968 879 3004; x_wconf 86' lang='lat' dir='ltr'>V</span> <span class='ocrx_word' id='word_1_412' title='bbox 892 2968 925 3004; x_wconf 92' lang='lat' dir='ltr'>D</span> <span class='ocrx_word' id='word_1_413' title='bbox 938 2970 1158 3013; x_wconf 78' lang='lat' dir='ltr'>exhibeatur3</span> <span class='ocrx_word' id='word_1_414' title='bbox 1171 2970 1340 3004; x_wconf 79' lang='lat' dir='ltr'>mellissus</span> <span class='ocrx_word' id='word_1_415' title='bbox 1353 2974 1475 3005; x_wconf 88' lang='lat' dir='ltr'>tamen</span> <span class='ocrx_word' id='word_1_416' title='bbox 1487 2968 1524 3004; x_wconf 93' lang='lat' dir='ltr'>in</span> <span class='ocrx_word' id='word_1_417' title='bbox 1537 2966 1578 3004; x_wconf 92' lang='lat' dir='ltr'>B.</span> 
     </span>
    </p>

    <p class='ocr_par' dir='ltr' id='par_1_11' title="bbox 129 3023 1941 3135">
     <span class='ocr_line' id='line_1_40' title="bbox 219 3023 1941 3080; baseline -0.002 -10"><span class='ocrx_word' id='word_1_418' title='bbox 219 3035 260 3058; x_wconf 80' lang='lat'>¹⁰⁸</span> <span class='ocrx_word' id='word_1_419' title='bbox 271 3035 360 3071; x_wconf 88' lang='lat' dir='ltr'>Vide</span> <span class='ocrx_word' id='word_1_420' title='bbox 371 3046 478 3080; x_wconf 80' lang='lat' dir='ltr'>supra</span> <span class='ocrx_word' id='word_1_421' title='bbox 497 3047 533 3079; x_wconf 92' lang='lat' dir='ltr'>p.</span> <span class='ocrx_word' id='word_1_422' title='bbox 546 3036 590 3070; x_wconf 87' lang='grc'>95</span> <span class='ocrx_word' id='word_1_423' title='bbox 604 3047 656 3079; x_wconf 84' lang='lat' dir='ltr'>sq.</span> <span class='ocrx_word' id='word_1_424' title='bbox 709 3036 750 3071; x_wconf 93' lang='lat' dir='ltr'>C.</span> <span class='ocrx_word' id='word_1_425' title='bbox 764 3036 786 3070; x_wconf 94' lang='lat'>9</span> <span class='ocrx_word' id='word_1_426' title='bbox 797 3035 847 3080; x_wconf 90' lang='lat' dir='ltr'>(p.</span> <span class='ocrx_word' id='word_1_427' title='bbox 863 3035 938 3080; x_wconf 91' lang='lat'><strong>107,</strong></span> <span class='ocrx_word' id='word_1_428' title='bbox 954 3034 1008 3078; x_wconf 90' lang='lat'><strong>19)</strong></span> <span class='ocrx_word' id='word_1_429' title='bbox 1022 3023 1206 3075; x_wconf 65' lang='lat' dir='ltr'>marmoreg</span> <span class='ocrx_word' id='word_1_430' title='bbox 1216 3036 1228 3078; x_wconf 94' lang='lat'>(</span> <span class='ocrx_word' id='word_1_431' title='bbox 1237 3034 1321 3078; x_wconf 85' lang='lat' dir='ltr'>=G)</span> <span class='ocrx_word' id='word_1_432' title='bbox 1334 3047 1476 3080; x_wconf 87' lang='lat' dir='ltr'>prorsus</span> <span class='ocrx_word' id='word_1_433' title='bbox 1488 3035 1525 3070; x_wconf 92' lang='lat' dir='ltr'>in</span> <span class='ocrx_word' id='word_1_434' title='bbox 1537 3034 1646 3070; x_wconf 91' lang='lat' dir='ltr'>dubio</span> <span class='ocrx_word' id='word_1_435' title='bbox 1658 3034 1863 3069; x_wconf 85' lang='lat' dir='ltr'>habendum</span> <span class='ocrx_word' id='word_1_436' title='bbox 1886 3038 1941 3067; x_wconf 86' lang='lat' dir='ltr'>est</span> 
     </span>
     <span class='ocr_line' id='line_1_41' title="bbox 129 3088 687 3135; baseline 0.002 -9"><span class='ocrx_word' id='word_1_437' title='bbox 129 3088 226 3132; x_wconf 88' lang='lat' dir='ltr'>(uide</span> <span class='ocrx_word' id='word_1_438' title='bbox 238 3101 345 3135; x_wconf 77' lang='lat' dir='ltr'>supra</span> <span class='ocrx_word' id='word_1_439' title='bbox 358 3103 394 3135; x_wconf 90' lang='lat' dir='ltr'>p.</span> <span class='ocrx_word' id='word_1_440' title='bbox 414 3091 474 3126; x_wconf 88' lang='lat'>111</span> <span class='ocrx_word' id='word_1_441' title='bbox 492 3091 539 3126; x_wconf 88' lang='lat' dir='ltr'>ad</span> <span class='ocrx_word' id='word_1_442' title='bbox 555 3090 687 3134; x_wconf 89' lang='lat' dir='ltr'>finem).</span> 
     </span>
    </p>

    <p class='ocr_par' dir='ltr' id='par_1_12' title="bbox 220 3149 606 3195">
     <span class='ocr_line' id='line_1_42' title="bbox 220 3149 606 3195; baseline 0.005 -10"><span class='ocrx_word' id='word_1_443' title='bbox 220 3149 263 3172; x_wconf 75' lang='lat'>”⁸</span> <span class='ocrx_word' id='word_1_444' title='bbox 274 3149 364 3186; x_wconf 90' lang='lat' dir='ltr'>Vide</span> <span class='ocrx_word' id='word_1_445' title='bbox 377 3162 484 3195; x_wconf 83' lang='lat' dir='ltr'>supra</span> <span class='ocrx_word' id='word_1_446' title='bbox 498 3163 534 3195; x_wconf 92' lang='lat' dir='ltr'>p.</span> <span class='ocrx_word' id='word_1_447' title='bbox 551 3150 606 3187; x_wconf 80' lang='lat'>75.</span> 
     </span>
    </p>

    <p class='ocr_par' dir='ltr' id='par_1_13' title="bbox 220 3209 1165 3254">
     <span class='ocr_line' id='line_1_43' title="bbox 220 3209 1165 3254; baseline 0.002 -10"><span class='ocrx_word' id='word_1_448' title='bbox 220 3209 260 3232; x_wconf 81' lang='lat'>¹⁸⁷</span> <span class='ocrx_word' id='word_1_449' title='bbox 273 3209 373 3245; x_wconf 86' lang='lat' dir='ltr'>Idem</span> <span class='ocrx_word' id='word_1_450' title='bbox 389 3210 460 3246; x_wconf 79' lang='lat' dir='ltr'>iere</span> <span class='ocrx_word' id='word_1_451' title='bbox 474 3210 719 3254; x_wconf 89' lang='lat' dir='ltr'>compendium</span> <span class='ocrx_word' id='word_1_452' title='bbox 738 3210 774 3245; x_wconf 90' lang='lat' dir='ltr'>in</span> <span class='ocrx_word' id='word_1_453' title='bbox 790 3209 824 3244; x_wconf 86' lang='grc' dir='ltr'><strong>Η</strong></span> <span class='ocrx_word' id='word_1_454' title='bbox 841 3211 907 3246; x_wconf 91' lang='lat' dir='ltr'>hoc</span> <span class='ocrx_word' id='word_1_455' title='bbox 922 3211 998 3246; x_wconf 91' lang='lat' dir='ltr'>loco</span> <span class='ocrx_word' id='word_1_456' title='bbox 1013 3211 1165 3246; x_wconf 90' lang='lat' dir='ltr'>uidetur.</span> 
     </span>
    </p>
   </div>
  </div>
 </body>
</html>
