<?xml version="1.0" encoding="UTF-8"?>
<!DOCTYPE html PUBLIC "-//W3C//DTD XHTML 1.0 Transitional//EN"
    "http://www.w3.org/TR/xhtml1/DTD/xhtml1-transitional.dtd">
<html xmlns="http://www.w3.org/1999/xhtml" xml:lang="en" lang="en">
 <head>
  <title>
</title>
<meta http-equiv="Content-Type" content="text/html;charset=utf-8" />
  <meta name='ocr-system' content='tesseract 3.04.00' />
  <meta name='ocr-capabilities' content='ocr_page ocr_carea ocr_par ocr_line ocrx_word'/>
</head>
<body>
  <div class='ocr_page' id='page_1' title='image "./defragmentisueto00robiuoft_0019.png"; bbox 0 0 2340 3840; ppageno 0'>
   <div class='ocr_carea' id='block_1_1' title="bbox 120 360 1924 407">
    <p class='ocr_par' dir='ltr' id='par_1_1' title="bbox 120 360 1924 407">
     <span class='ocr_line' id='line_1_1' title="bbox 120 360 1924 407; baseline -0.004 -6"><span class='ocrx_word' id='word_1_1' title='bbox 120 363 199 407; x_wconf 79' lang='lat'>⁵¹⁵1</span> <span class='ocrx_word' id='word_1_2' title='bbox 520 362 586 396; x_wconf 86' lang='lat' dir='ltr'><strong>ET</strong></span> <span class='ocrx_word' id='word_1_3' title='bbox 600 361 911 397; x_wconf 74' lang='lat' dir='ltr'><strong>RHETomvs</strong></span> <span class='ocrx_word' id='word_1_4' title='bbox 927 360 1155 396; x_wconf 83' lang='lat' dir='ltr'><strong>comcvM</strong></span> <span class='ocrx_word' id='word_1_5' title='bbox 1172 361 1311 396; x_wconf 81' lang='lat' dir='ltr'><strong>NExv</strong></span> <span class='ocrx_word' id='word_1_6' title='bbox 1326 361 1390 395; x_wconf 89' lang='lat' dir='ltr'><strong>ET</strong></span> <span class='ocrx_word' id='word_1_7' title='bbox 1407 362 1523 396; x_wconf 74' lang='lat' dir='ltr'><strong>nm:</strong></span> <span class='ocrx_word' id='word_1_8' title='bbox 1884 369 1924 403; x_wconf 82' lang='lat'><strong>15</strong></span> 
     </span>
    </p>
   </div>
   <div class='ocr_carea' id='block_1_2' title="bbox 121 472 1933 3076">
    <p class='ocr_par' dir='ltr' id='par_1_2' title="bbox 121 472 1927 1335">
     <span class='ocr_line' id='line_1_2' title="bbox 123 472 1921 530; baseline 0.001 -9"><span class='ocrx_word' id='word_1_9' title='bbox 123 483 250 530; x_wconf 86' lang='lat' dir='ltr'><strong>teret,</strong></span> <span class='ocrx_word' id='word_1_10' title='bbox 279 482 415 530; x_wconf 87' lang='lat' dir='ltr'><strong>atque</strong></span> <span class='ocrx_word' id='word_1_11' title='bbox 443 488 496 518; x_wconf 84' lang='lat' dir='ltr'><strong>ea</strong></span> <span class='ocrx_word' id='word_1_12' title='bbox 523 487 669 528; x_wconf 87' lang='lat' dir='ltr'><strong>opera,</strong></span> <span class='ocrx_word' id='word_1_13' title='bbox 700 486 813 527; x_wconf 89' lang='lat' dir='ltr'><strong>quae</strong></span> <span class='ocrx_word' id='word_1_14' title='bbox 842 473 1020 514; x_wconf 84' lang='lat' dir='ltr'><strong>maximi</strong></span> <span class='ocrx_word' id='word_1_15' title='bbox 1049 472 1260 514; x_wconf 90' lang='lat' dir='ltr'><strong>momenti</strong></span> <span class='ocrx_word' id='word_1_16' title='bbox 1288 473 1483 525; x_wconf 88' lang='lat' dir='ltr'><strong>haberet,</strong></span> <span class='ocrx_word' id='word_1_17' title='bbox 1513 475 1655 527; x_wconf 89' lang='lat' dir='ltr'><strong>prima</strong></span> <span class='ocrx_word' id='word_1_18' title='bbox 1684 479 1921 523; x_wconf 86' lang='lat' dir='ltr'><strong>nuntiaret.</strong></span> 
     </span>
     <span class='ocr_line' id='line_1_3' title="bbox 121 539 1926 598; baseline 0.001 -10"><span class='ocrx_word' id='word_1_19' title='bbox 121 544 348 598; x_wconf 70' lang='lat' dir='ltr'><strong>Dialogum</strong></span> <span class='ocrx_word' id='word_1_20' title='bbox 364 549 513 585; x_wconf 86' lang='lat' dir='ltr'><strong>tamen</strong></span> <span class='ocrx_word' id='word_1_21' title='bbox 525 542 644 584; x_wconf 90' lang='lat' dir='ltr'><strong>iusto</strong></span> <span class='ocrx_word' id='word_1_22' title='bbox 657 539 944 593; x_wconf 68' lang='lat' dir='ltr'><strong>loco‘reliquit</strong></span> <span class='ocrx_word' id='word_1_23' title='bbox 958 553 1058 581; x_wconf 90' lang='lat' dir='ltr'><strong>cum</strong></span> <span class='ocrx_word' id='word_1_24' title='bbox 1073 539 1127 581; x_wconf 91' lang='lat' dir='ltr'><strong>de</strong></span> <span class='ocrx_word' id='word_1_25' title='bbox 1142 546 1320 581; x_wconf 91' lang='lat' dir='ltr'><strong>auctore</strong></span> <span class='ocrx_word' id='word_1_26' title='bbox 1334 539 1426 582; x_wconf 89' lang='lat' dir='ltr'><strong>eius</strong></span> <span class='ocrx_word' id='word_1_27' title='bbox 1439 540 1486 581; x_wconf 93' lang='lat' dir='ltr'><strong>in</strong></span> <span class='ocrx_word' id='word_1_28' title='bbox 1501 541 1634 583; x_wconf 92' lang='lat' dir='ltr'><strong>dubio</strong></span> <span class='ocrx_word' id='word_1_29' title='bbox 1649 551 1777 586; x_wconf 85' lang='lat' dir='ltr'><strong>esset.</strong></span> <span class='ocrx_word' id='word_1_30' title='bbox 1836 547 1926 589; x_wconf 91' lang='lat' dir='ltr'><strong>Cur</strong></span> 
     </span>
     <span class='ocr_line' id='line_1_4' title="bbox 121 606 1922 666; baseline 0.001 -12"><span class='ocrx_word' id='word_1_31' title='bbox 121 617 273 654; x_wconf 78' lang='lat' dir='ltr'><strong>autem</strong></span> <span class='ocrx_word' id='word_1_32' title='bbox 295 609 351 652; x_wconf 86' lang='lat' dir='ltr'><strong>de</strong></span> <span class='ocrx_word' id='word_1_33' title='bbox 372 609 457 652; x_wconf 87' lang='lat' dir='ltr'><strong>hac</strong></span> <span class='ocrx_word' id='word_1_34' title='bbox 479 622 525 651; x_wconf 93' lang='lat' dir='ltr'><strong>re</strong></span> <span class='ocrx_word' id='word_1_35' title='bbox 548 614 663 650; x_wconf 88' lang='lat' dir='ltr'><strong>esset</strong></span> <span class='ocrx_word' id='word_1_36' title='bbox 685 607 878 649; x_wconf 89' lang='lat' dir='ltr'><strong>incertus</strong></span> <span class='ocrx_word' id='word_1_37' title='bbox 902 606 1074 649; x_wconf 90' lang='lat' dir='ltr'><strong>Nicolai</strong></span> <span class='ocrx_word' id='word_1_38' title='bbox 1097 607 1436 649; x_wconf 89' lang='lat' dir='ltr'><strong>commentarius</strong></span> <span class='ocrx_word' id='word_1_39' title='bbox 1460 615 1610 660; x_wconf 87' lang='lat' dir='ltr'><strong>aperte</strong></span> <span class='ocrx_word' id='word_1_40' title='bbox 1635 609 1922 666; x_wconf 87' lang='lat' dir='ltr'><strong>demonstrat,</strong></span> 
     </span>
     <span class='ocr_line' id='line_1_5' title="bbox 122 673 1924 733; baseline 0.001 -13"><span class='ocrx_word' id='word_1_41' title='bbox 122 677 285 733; x_wconf 83' lang='lat' dir='ltr'><strong>quippe</strong></span> <span class='ocrx_word' id='word_1_42' title='bbox 312 676 389 731; x_wconf 91' lang='lat' dir='ltr'><strong>qui</strong></span> <span class='ocrx_word' id='word_1_43' title='bbox 416 675 546 717; x_wconf 87' lang='lat' dir='ltr'><strong>huius</strong></span> <span class='ocrx_word' id='word_1_44' title='bbox 574 674 772 728; x_wconf 89' lang='lat' dir='ltr'>opusculi</span> <span class='ocrx_word' id='word_1_45' title='bbox 800 679 1026 715; x_wconf 87' lang='lat' dir='ltr'><strong>auctorem</strong></span> <span class='ocrx_word' id='word_1_46' title='bbox 1054 686 1142 714; x_wconf 90' lang='lat' dir='ltr'><strong>non</strong></span> <span class='ocrx_word' id='word_1_47' title='bbox 1171 673 1382 715; x_wconf 90' lang='lat' dir='ltr'><strong>nominet.</strong></span> <span class='ocrx_word' id='word_1_48' title='bbox 1442 675 1628 727; x_wconf 88' lang='lat' dir='ltr'>Poggius</span> <span class='ocrx_word' id='word_1_49' title='bbox 1659 683 1807 719; x_wconf 89' lang='lat' dir='ltr'><strong>tamen</strong></span> <span class='ocrx_word' id='word_1_50' title='bbox 1837 679 1924 721; x_wconf 92' lang='lat' dir='ltr'><strong>duo</strong></span> 
     </span>
     <span class='ocr_line' id='line_1_6' title="bbox 121 740 1924 800; baseline 0.001 -12"><span class='ocrx_word' id='word_1_51' title='bbox 121 757 268 800; x_wconf 79' lang='lat' dir='ltr'><strong>opera,</strong></span> <span class='ocrx_word' id='word_1_52' title='bbox 289 744 474 798; x_wconf 72' lang='lat' dir='ltr'><strong>primam</strong></span> <span class='ocrx_word' id='word_1_53' title='bbox 493 742 684 784; x_wconf 73' lang='lat' dir='ltr'><strong>decadem</strong></span> <span class='ocrx_word' id='word_1_54' title='bbox 708 741 797 782; x_wconf 81' lang='lat' dir='ltr'><strong>Titi</strong></span> <span class='ocrx_word' id='word_1_55' title='bbox 816 740 931 782; x_wconf 83' lang='lat' dir='ltr'><strong>Livii</strong></span> <span class='ocrx_word' id='word_1_56' title='bbox 951 746 996 782; x_wconf 94' lang='lat' dir='ltr'><strong>et</strong></span> <span class='ocrx_word' id='word_1_57' title='bbox 1016 754 1150 781; x_wconf 84' lang='lat' dir='ltr'><strong>unum</strong></span> <span class='ocrx_word' id='word_1_58' title='bbox 1171 741 1360 781; x_wconf 83' lang='lat' dir='ltr'><strong>volumen</strong></span> <span class='ocrx_word' id='word_1_59' title='bbox 1380 743 1616 783; x_wconf 79' lang='lat' dir='ltr'><strong>orationum</strong></span> <span class='ocrx_word' id='word_1_60' title='bbox 1641 744 1788 797; x_wconf 80' lang='lat' dir='ltr'><strong>Tullii,</strong></span> <span class='ocrx_word' id='word_1_61' title='bbox 1812 759 1924 798; x_wconf 91' lang='lat' dir='ltr'><strong>quae</strong></span> 
     </span>
     <span class='ocr_line' id='line_1_7' title="bbox 121 807 1925 862; baseline 0 -7"><span class='ocrx_word' id='word_1_62' title='bbox 121 811 168 855; x_wconf 85' lang='lat' dir='ltr'><strong>in</strong></span> <span class='ocrx_word' id='word_1_63' title='bbox 185 809 481 854; x_wconf 77' lang='lat' dir='ltr'><strong>Hersfeldensi</strong></span> <span class='ocrx_word' id='word_1_64' title='bbox 498 807 764 851; x_wconf 85' lang='lat' dir='ltr'><strong>monasterio</strong></span> <span class='ocrx_word' id='word_1_65' title='bbox 782 821 827 850; x_wconf 93' lang='lat' dir='ltr'><strong>se</strong></span> <span class='ocrx_word' id='word_1_66' title='bbox 844 807 1005 849; x_wconf 88' lang='lat' dir='ltr'><strong>habere</strong></span> <span class='ocrx_word' id='word_1_67' title='bbox 1023 807 1259 858; x_wconf 86' lang='lat' dir='ltr'><strong>debebant,</strong></span> <span class='ocrx_word' id='word_1_68' title='bbox 1278 807 1445 859; x_wconf 90' lang='lat' dir='ltr'><strong>laudat,</strong></span> <span class='ocrx_word' id='word_1_69' title='bbox 1466 807 1519 850; x_wconf 93' lang='lat' dir='ltr'><strong>de</strong></span> <span class='ocrx_word' id='word_1_70' title='bbox 1538 809 1696 862; x_wconf 89' lang='lat' dir='ltr'><strong>quibus</strong></span> <span class='ocrx_word' id='word_1_71' title='bbox 1716 812 1760 853; x_wconf 96' lang='lat' dir='ltr'>N</span> <span class='ocrx_word' id='word_1_72' title='bbox 1762 811 1925 855; x_wconf 87' lang='lat' dir='ltr'><strong>icolaus</strong></span> 
     </span>
     <span class='ocr_line' id='line_1_8' title="bbox 121 874 1926 931; baseline 0 -9"><span class='ocrx_word' id='word_1_73' title='bbox 121 884 255 923; x_wconf 70' lang='lat' dir='ltr'><strong>tacet.</strong></span> <span class='ocrx_word' id='word_1_74' title='bbox 314 877 399 921; x_wconf 85' lang='lat' dir='ltr'><strong>Sed</strong></span> <span class='ocrx_word' id='word_1_75' title='bbox 424 876 633 919; x_wconf 89' lang='lat' dir='ltr'><strong>Nicolaus</strong></span> <span class='ocrx_word' id='word_1_76' title='bbox 656 875 765 917; x_wconf 91' lang='lat' dir='ltr'><strong>haec</strong></span> <span class='ocrx_word' id='word_1_77' title='bbox 789 875 990 916; x_wconf 91' lang='lat' dir='ltr'><strong>consulto</strong></span> <span class='ocrx_word' id='word_1_78' title='bbox 1015 874 1218 916; x_wconf 85' lang='lat' dir='ltr'><strong>omittere</strong></span> <span class='ocrx_word' id='word_1_79' title='bbox 1242 874 1404 927; x_wconf 88' lang='lat' dir='ltr'><strong>potuit,</strong></span> <span class='ocrx_word' id='word_1_80' title='bbox 1431 888 1531 917; x_wconf 90' lang='lat' dir='ltr'><strong>cum</strong></span> <span class='ocrx_word' id='word_1_81' title='bbox 1556 883 1607 918; x_wconf 89' lang='lat' dir='ltr'><strong>ut</strong></span> <span class='ocrx_word' id='word_1_82' title='bbox 1633 877 1767 931; x_wconf 91' lang='lat' dir='ltr'><strong>Poggi</strong></span> <span class='ocrx_word' id='word_1_83' title='bbox 1792 880 1926 922; x_wconf 89' lang='lat' dir='ltr'><strong>uerba</strong></span> 
     </span>
     <span class='ocr_line' id='line_1_9' title="bbox 121 941 1926 1000; baseline -0.001 -11"><span class='ocrx_word' id='word_1_84' title='bbox 121 958 228 1000; x_wconf 75' lang='lat' dir='ltr'><strong>quae</strong></span> <span class='ocrx_word' id='word_1_85' title='bbox 245 949 346 988; x_wconf 59' lang='lat' dir='ltr'><strong>sunt</strong></span> <span class='ocrx_word' id='word_1_86' title='bbox 365 944 482 998; x_wconf 78' lang='lat' dir='ltr'><strong>apud</strong></span> <span class='ocrx_word' id='word_1_87' title='bbox 502 957 579 985; x_wconf 81' lang='lat' dir='ltr'><strong>nos</strong></span> <span class='ocrx_word' id='word_1_88' title='bbox 598 955 835 984; x_wconf 77' lang='lat' dir='ltr'><strong>communes</strong></span> <span class='ocrx_word' id='word_1_89' title='bbox 857 941 1017 984; x_wconf 89' lang='lat' dir='ltr'><strong>docent</strong></span> <span class='ocrx_word' id='word_1_90' title='bbox 1037 941 1126 983; x_wconf 90' lang='lat' dir='ltr'><strong>iam</strong></span> <span class='ocrx_word' id='word_1_91' title='bbox 1146 941 1192 982; x_wconf 92' lang='lat' dir='ltr'><strong>in</strong></span> <span class='ocrx_word' id='word_1_92' title='bbox 1214 954 1295 983; x_wconf 89' lang='lat' dir='ltr'><strong>usu</strong></span> <span class='ocrx_word' id='word_1_93' title='bbox 1317 948 1475 983; x_wconf 88' lang='lat' dir='ltr'><strong>essent.</strong></span> <span class='ocrx_word' id='word_1_94' title='bbox 1535 943 1658 985; x_wconf 85' lang='lat' dir='ltr'><strong>Aliae</strong></span> <span class='ocrx_word' id='word_1_95' title='bbox 1679 944 1926 999; x_wconf 90' lang='lat' dir='ltr'><strong>discrepan-</strong></span> 
     </span>
     <span class='ocr_line' id='line_1_10' title="bbox 123 1008 1924 1066; baseline -0.001 -10"><span class='ocrx_word' id='word_1_96' title='bbox 123 1012 212 1056; x_wconf 72' lang='lat' dir='ltr'><strong>tiae</strong></span> <span class='ocrx_word' id='word_1_97' title='bbox 230 1011 347 1055; x_wconf 87' lang='lat' dir='ltr'><strong>inter</strong></span> <span class='ocrx_word' id='word_1_98' title='bbox 367 1010 648 1053; x_wconf 83' lang='lat' dir='ltr'><strong>Panormitae</strong></span> <span class='ocrx_word' id='word_1_99' title='bbox 669 1008 903 1063; x_wconf 87' lang='lat' dir='ltr'><strong>epistulam</strong></span> <span class='ocrx_word' id='word_1_100' title='bbox 925 1015 970 1050; x_wconf 91' lang='lat' dir='ltr'><strong>et</strong></span> <span class='ocrx_word' id='word_1_101' title='bbox 993 1008 1164 1050; x_wconf 91' lang='lat' dir='ltr'><strong>Nicolai</strong></span> <span class='ocrx_word' id='word_1_102' title='bbox 1186 1009 1550 1051; x_wconf 91' lang='lat' dir='ltr'><strong>commentarium</strong></span> <span class='ocrx_word' id='word_1_103' title='bbox 1572 1010 1785 1054; x_wconf 90' lang='lat' dir='ltr'><strong>eiusmodi</strong></span> <span class='ocrx_word' id='word_1_104' title='bbox 1807 1021 1924 1066; x_wconf 90' lang='lat' dir='ltr'><strong>sunt,</strong></span> 
     </span>
     <span class='ocr_line' id='line_1_11' title="bbox 123 1075 1927 1132; baseline 0.001 -10"><span class='ocrx_word' id='word_1_105' title='bbox 123 1086 175 1122; x_wconf 86' lang='lat' dir='ltr'><strong>ut</strong></span> <span class='ocrx_word' id='word_1_106' title='bbox 200 1092 254 1122; x_wconf 90' lang='lat' dir='ltr'><strong>eo</strong></span> <span class='ocrx_word' id='word_1_107' title='bbox 278 1077 484 1132; x_wconf 84' lang='lat' dir='ltr'><strong>explicari</strong></span> <span class='ocrx_word' id='word_1_108' title='bbox 508 1076 694 1131; x_wconf 88' lang='lat' dir='ltr'><strong>possint,</strong></span> <span class='ocrx_word' id='word_1_109' title='bbox 723 1075 842 1129; x_wconf 92' lang='lat' dir='ltr'><strong>quod</strong></span> <span class='ocrx_word' id='word_1_110' title='bbox 869 1075 1125 1117; x_wconf 84' lang='lat' dir='ltr'><strong>Panormita</strong></span> <span class='ocrx_word' id='word_1_111' title='bbox 1152 1075 1260 1117; x_wconf 87' lang='lat' dir='ltr'><strong>nihil</strong></span> <span class='ocrx_word' id='word_1_112' title='bbox 1287 1076 1369 1117; x_wconf 91' lang='lat' dir='ltr'><strong>nisi</strong></span> <span class='ocrx_word' id='word_1_113' title='bbox 1397 1076 1680 1130; x_wconf 89' lang='lat' dir='ltr'><strong>apographon</strong></span> <span class='ocrx_word' id='word_1_114' title='bbox 1707 1078 1927 1123; x_wconf 89' lang='lat' dir='ltr'><strong>inuentari</strong></span> 
     </span>
     <span class='ocr_line' id='line_1_12' title="bbox 123 1142 1925 1202; baseline 0.001 -13"><span class='ocrx_word' id='word_1_115' title='bbox 123 1146 243 1202; x_wconf 88' lang='lat' dir='ltr'><strong>quod</strong></span> <span class='ocrx_word' id='word_1_116' title='bbox 275 1144 516 1188; x_wconf 86' lang='lat' dir='ltr'><strong>monachus</strong></span> <span class='ocrx_word' id='word_1_117' title='bbox 549 1142 868 1186; x_wconf 80' lang='lat' dir='ltr'><strong>Hersfeldensis</strong></span> <span class='ocrx_word' id='word_1_118' title='bbox 903 1143 1066 1195; x_wconf 88' lang='lat' dir='ltr'><strong>Poggio</strong></span> <span class='ocrx_word' id='word_1_119' title='bbox 1101 1142 1278 1184; x_wconf 85' lang='lat' dir='ltr'><strong>miserat</strong></span> <span class='ocrx_word' id='word_1_120' title='bbox 1323 1143 1531 1195; x_wconf 89' lang='lat' dir='ltr'><strong>habebat,</strong></span> <span class='ocrx_word' id='word_1_121' title='bbox 1569 1144 1740 1187; x_wconf 87' lang='lat' dir='ltr'><strong>Nicolai</strong></span> <span class='ocrx_word' id='word_1_122' title='bbox 1774 1154 1925 1190; x_wconf 86' lang='lat' dir='ltr'><strong>autem</strong></span> 
     </span>
     <span class='ocr_line' id='line_1_13' title="bbox 122 1210 1926 1264; baseline -0.001 -7"><span class='ocrx_word' id='word_1_123' title='bbox 122 1212 477 1264; x_wconf 80' lang='lat' dir='ltr'><strong>commentarius,</strong></span> <span class='ocrx_word' id='word_1_124' title='bbox 497 1217 548 1253; x_wconf 91' lang='lat' dir='ltr'><strong>ut</strong></span> <span class='ocrx_word' id='word_1_125' title='bbox 567 1210 625 1253; x_wconf 93' lang='lat' dir='ltr'><strong>ad</strong></span> <span class='ocrx_word' id='word_1_126' title='bbox 653 1217 851 1252; x_wconf 90' lang='lat' dir='ltr'><strong>nostram</strong></span> <span class='ocrx_word' id='word_1_127' title='bbox 879 1216 1073 1252; x_wconf 88' lang='lat' dir='ltr'><strong>aetatem</strong></span> <span class='ocrx_word' id='word_1_128' title='bbox 1103 1210 1322 1252; x_wconf 91' lang='lat' dir='ltr'><strong>Ciceronis</strong></span> <span class='ocrx_word' id='word_1_129' title='bbox 1351 1210 1526 1252; x_wconf 92' lang='lat' dir='ltr'><strong>cuidam</strong></span> <span class='ocrx_word' id='word_1_130' title='bbox 1554 1211 1693 1254; x_wconf 91' lang='lat' dir='ltr'><strong>codici</strong></span> <span class='ocrx_word' id='word_1_131' title='bbox 1720 1213 1926 1256; x_wconf 86' lang='lat' dir='ltr'><strong>adtextus</strong></span> 
     </span>
     <span class='ocr_line' id='line_1_14' title="bbox 121 1276 1172 1335; baseline -0.004 -12"><span class='ocrx_word' id='word_1_132' title='bbox 121 1280 336 1335; x_wconf 82' lang='lat' dir='ltr'><strong>peruenit,</strong></span> <span class='ocrx_word' id='word_1_133' title='bbox 356 1285 466 1333; x_wconf 88' lang='lat' dir='ltr'><strong>quot</strong></span> <span class='ocrx_word' id='word_1_134' title='bbox 482 1292 560 1332; x_wconf 91' lang='lat' dir='ltr'><strong>per</strong></span> <span class='ocrx_word' id='word_1_135' title='bbox 577 1278 693 1319; x_wconf 90' lang='lat' dir='ltr'><strong>uices</strong></span> <span class='ocrx_word' id='word_1_136' title='bbox 710 1277 912 1328; x_wconf 86' lang='lat' dir='ltr'><strong>euaserit,</strong></span> <span class='ocrx_word' id='word_1_137' title='bbox 931 1290 1059 1318; x_wconf 91' lang='lat' dir='ltr'><strong>nemo</strong></span> <span class='ocrx_word' id='word_1_138' title='bbox 1077 1276 1172 1319; x_wconf 89' lang='lat' dir='ltr'><strong>scit.</strong></span> 
     </span>
    </p>

    <p class='ocr_par' dir='ltr' id='par_1_3' title="bbox 121 1344 1929 2002">
     <span class='ocr_line' id='line_1_15' title="bbox 206 1344 1928 1398; baseline 0.001 -7"><span class='ocrx_word' id='word_1_139' title='bbox 206 1348 329 1391; x_wconf 88' lang='lat' dir='ltr'><strong>Num</strong></span> <span class='ocrx_word' id='word_1_140' title='bbox 359 1346 532 1390; x_wconf 89' lang='lat' dir='ltr'><strong>Nicolai</strong></span> <span class='ocrx_word' id='word_1_141' title='bbox 561 1345 710 1388; x_wconf 88' lang='lat' dir='ltr'><strong>studia</strong></span> <span class='ocrx_word' id='word_1_142' title='bbox 739 1358 956 1387; x_wconf 91' lang='lat' dir='ltr'><strong>nouorum</strong></span> <span class='ocrx_word' id='word_1_143' title='bbox 983 1344 1195 1387; x_wconf 91' lang='lat' dir='ltr'><strong>librorum</strong></span> <span class='ocrx_word' id='word_1_144' title='bbox 1225 1359 1303 1398; x_wconf 88' lang='lat' dir='ltr'><strong>per</strong></span> <span class='ocrx_word' id='word_1_145' title='bbox 1333 1346 1565 1388; x_wconf 85' lang='lat' dir='ltr'><strong>cardinalis</strong></span> <span class='ocrx_word' id='word_1_146' title='bbox 1595 1347 1756 1390; x_wconf 88' lang='lat' dir='ltr'><strong>Iuliani</strong></span> <span class='ocrx_word' id='word_1_147' title='bbox 1786 1349 1928 1392; x_wconf 89' lang='lat' dir='ltr'><strong>officia</strong></span> 
     </span>
     <span class='ocr_line' id='line_1_16' title="bbox 122 1411 1927 1468; baseline 0 -11"><span class='ocrx_word' id='word_1_148' title='bbox 122 1413 517 1468; x_wconf 83' lang='lat' dir='ltr'><strong>conquirendorum</strong></span> <span class='ocrx_word' id='word_1_149' title='bbox 541 1411 724 1454; x_wconf 83' lang='lat' dir='ltr'><strong>feliciter</strong></span> <span class='ocrx_word' id='word_1_150' title='bbox 749 1411 975 1453; x_wconf 87' lang='lat' dir='ltr'><strong>euenerint·</strong></span> <span class='ocrx_word' id='word_1_151' title='bbox 1001 1411 1230 1463; x_wconf 87' lang='lat' dir='ltr'><strong>nescimus,</strong></span> <span class='ocrx_word' id='word_1_152' title='bbox 1259 1412 1377 1464; x_wconf 90' lang='lat' dir='ltr'><strong>quod</strong></span> <span class='ocrx_word' id='word_1_153' title='bbox 1404 1418 1552 1454; x_wconf 90' lang='lat' dir='ltr'><strong>tamen</strong></span> <span class='ocrx_word' id='word_1_154' title='bbox 1578 1413 1799 1456; x_wconf 88' lang='lat' dir='ltr'><strong>silentium</strong></span> <span class='ocrx_word' id='word_1_155' title='bbox 1826 1429 1927 1457; x_wconf 91' lang='lat' dir='ltr'><strong>con-</strong></span> 
     </span>
     <span class='ocr_line' id='line_1_17' title="bbox 123 1478 1928 1535; baseline -0.001 -10"><span class='ocrx_word' id='word_1_156' title='bbox 123 1478 298 1524; x_wconf 74' lang='lat' dir='ltr'><strong>tinuum</strong></span> <span class='ocrx_word' id='word_1_157' title='bbox 310 1494 389 1535; x_wconf 91' lang='lat' dir='ltr'><strong>per</strong></span> <span class='ocrx_word' id='word_1_158' title='bbox 403 1480 559 1533; x_wconf 88' lang='lat' dir='ltr'><strong>uiginti</strong></span> <span class='ocrx_word' id='word_1_159' title='bbox 574 1485 787 1532; x_wconf 91' lang='lat' dir='ltr'><strong>quattuor</strong></span> <span class='ocrx_word' id='word_1_160' title='bbox 800 1491 938 1520; x_wconf 90' lang='lat' dir='ltr'><strong>annos</strong></span> <span class='ocrx_word' id='word_1_161' title='bbox 954 1491 1110 1531; x_wconf 89' lang='lat' dir='ltr'><strong>negare</strong></span> <span class='ocrx_word' id='word_1_162' title='bbox 1126 1478 1314 1520; x_wconf 88' lang='lat' dir='ltr'><strong>uidetur.</strong></span> <span class='ocrx_word' id='word_1_163' title='bbox 1387 1479 1806 1534; x_wconf 85' lang='lat' dir='ltr'><strong>Quomodocumque</strong></span> <span class='ocrx_word' id='word_1_164' title='bbox 1820 1482 1928 1525; x_wconf 92' lang='lat' dir='ltr'><strong>haec</strong></span> 
     </span>
     <span class='ocr_line' id='line_1_18' title="bbox 122 1545 1928 1600; baseline -0.001 -9"><span class='ocrx_word' id='word_1_165' title='bbox 122 1561 191 1592; x_wconf 84' lang='lat' dir='ltr'><strong>res</strong></span> <span class='ocrx_word' id='word_1_166' title='bbox 208 1561 255 1591; x_wconf 81' lang='lat' dir='ltr'><strong>se</strong></span> <span class='ocrx_word' id='word_1_167' title='bbox 273 1547 423 1600; x_wconf 86' lang='lat' dir='ltr'><strong>habet,</strong></span> <span class='ocrx_word' id='word_1_168' title='bbox 442 1547 558 1589; x_wconf 91' lang='lat' dir='ltr'><strong>inter</strong></span> <span class='ocrx_word' id='word_1_169' title='bbox 577 1546 658 1588; x_wconf 90' lang='lat' dir='ltr'><strong>hos</strong></span> <span class='ocrx_word' id='word_1_170' title='bbox 679 1545 834 1599; x_wconf 89' lang='lat' dir='ltr'><strong>uiginti</strong></span> <span class='ocrx_word' id='word_1_171' title='bbox 855 1551 1068 1598; x_wconf 88' lang='lat' dir='ltr'><strong>quattuor</strong></span> <span class='ocrx_word' id='word_1_172' title='bbox 1086 1558 1225 1586; x_wconf 89' lang='lat' dir='ltr'><strong>annos</strong></span> <span class='ocrx_word' id='word_1_173' title='bbox 1245 1546 1380 1587; x_wconf 90' lang='lat' dir='ltr'><strong>codex</strong></span> <span class='ocrx_word' id='word_1_174' title='bbox 1400 1546 1470 1587; x_wconf 92' lang='lat' dir='ltr'><strong>ille</strong></span> <span class='ocrx_word' id='word_1_175' title='bbox 1491 1547 1809 1590; x_wconf 88' lang='lat' dir='ltr'><strong>Hersfeldensis</strong></span> <span class='ocrx_word' id='word_1_176' title='bbox 1830 1549 1928 1592; x_wconf 85' lang='lat' dir='ltr'><strong>Ger-</strong></span> 
     </span>
     <span class='ocr_line' id='line_1_19' title="bbox 123 1613 1927 1668; baseline 0 -9"><span class='ocrx_word' id='word_1_177' title='bbox 123 1617 327 1667; x_wconf 69' lang='lat' dir='ltr'><strong>moniam,</strong></span> <span class='ocrx_word' id='word_1_178' title='bbox 354 1615 608 1668; x_wconf 82' lang='lat' dir='ltr'><strong>Agricolam,</strong></span> <span class='ocrx_word' id='word_1_179' title='bbox 637 1614 878 1666; x_wconf 81' lang='lat' dir='ltr'><strong>Dialogum,</strong></span> <span class='ocrx_word' id='word_1_180' title='bbox 909 1613 1176 1665; x_wconf 87' lang='lat' dir='ltr'><strong>Suetonique</strong></span> <span class='ocrx_word' id='word_1_181' title='bbox 1204 1614 1268 1654; x_wconf 87' lang='lat' dir='ltr'><strong>De</strong></span> <span class='ocrx_word' id='word_1_182' title='bbox 1294 1614 1590 1655; x_wconf 83' lang='lat' dir='ltr'><strong>Grammaticis</strong></span> <span class='ocrx_word' id='word_1_183' title='bbox 1617 1620 1654 1656; x_wconf 78' lang='lat' dir='ltr'><strong>et</strong></span> <span class='ocrx_word' id='word_1_184' title='bbox 1679 1616 1927 1659; x_wconf 77' lang='lat' dir='ltr'><strong>Rhetoribus</strong></span> 
     </span>
     <span class='ocr_line' id='line_1_20' title="bbox 122 1680 1927 1737; baseline 0 -11"><span class='ocrx_word' id='word_1_185' title='bbox 122 1683 430 1737; x_wconf 77' lang='lat' dir='ltr'><strong>complectens,</strong></span> <span class='ocrx_word' id='word_1_186' title='bbox 446 1681 592 1724; x_wconf 88' lang='lat' dir='ltr'><strong>nescio</strong></span> <span class='ocrx_word' id='word_1_187' title='bbox 609 1693 698 1734; x_wconf 90' lang='lat' dir='ltr'><strong>qua</strong></span> <span class='ocrx_word' id='word_1_188' title='bbox 714 1680 787 1722; x_wconf 90' lang='lat' dir='ltr'><strong>uia</strong></span> <span class='ocrx_word' id='word_1_189' title='bbox 802 1687 882 1722; x_wconf 89' lang='lat' dir='ltr'><strong>aut</strong></span> <span class='ocrx_word' id='word_1_190' title='bbox 899 1680 1021 1721; x_wconf 92' lang='lat' dir='ltr'><strong>cuius</strong></span> <span class='ocrx_word' id='word_1_191' title='bbox 1038 1693 1183 1733; x_wconf 90' lang='lat' dir='ltr'><strong>opera,</strong></span> <span class='ocrx_word' id='word_1_192' title='bbox 1203 1681 1393 1722; x_wconf 90' lang='lat' dir='ltr'><strong>Romam</strong></span> <span class='ocrx_word' id='word_1_193' title='bbox 1410 1681 1688 1734; x_wconf 88' lang='lat' dir='ltr'><strong>migrauerat.</strong></span> <span class='ocrx_word' id='word_1_194' title='bbox 1723 1683 1927 1737; x_wconf 90' lang='lat' dir='ltr'><strong>Namque</strong></span> 
     </span>
     <span class='ocr_line' id='line_1_21' title="bbox 122 1747 1928 1802; baseline 0 -9"><span class='ocrx_word' id='word_1_195' title='bbox 122 1762 240 1794; x_wconf 79' lang='lat' dir='ltr'><strong>anno</strong></span> <span class='ocrx_word' id='word_1_196' title='bbox 270 1750 376 1792; x_wconf 83' lang='lat'>1455</span> <span class='ocrx_word' id='word_1_197' title='bbox 405 1749 477 1791; x_wconf 89' lang='lat' dir='ltr'><strong>ille</strong></span> <span class='ocrx_word' id='word_1_198' title='bbox 504 1748 596 1802; x_wconf 92' lang='lat' dir='ltr'><strong>ipse</strong></span> <span class='ocrx_word' id='word_1_199' title='bbox 625 1748 774 1799; x_wconf 90' lang='lat' dir='ltr'><strong>codex,</strong></span> <span class='ocrx_word' id='word_1_200' title='bbox 804 1747 888 1789; x_wconf 86' lang='lat' dir='ltr'><strong>nisi</strong></span> <span class='ocrx_word' id='word_1_201' title='bbox 916 1747 1063 1788; x_wconf 89' lang='lat' dir='ltr'><strong>omnia</strong></span> <span class='ocrx_word' id='word_1_202' title='bbox 1092 1748 1265 1798; x_wconf 86' lang='lat' dir='ltr'><strong>fallunt,</strong></span> <span class='ocrx_word' id='word_1_203' title='bbox 1296 1761 1323 1789; x_wconf 84' lang='lat' dir='ltr'><strong>a</strong></span> <span class='ocrx_word' id='word_1_204' title='bbox 1352 1749 1483 1790; x_wconf 89' lang='lat' dir='ltr'><strong>Petro</strong></span> <span class='ocrx_word' id='word_1_205' title='bbox 1514 1749 1715 1791; x_wconf 91' lang='lat' dir='ltr'><strong>Candido</strong></span> <span class='ocrx_word' id='word_1_206' title='bbox 1745 1751 1928 1793; x_wconf 89' lang='lat' dir='ltr'><strong>Decem-</strong></span> 
     </span>
     <span class='ocr_line' id='line_1_22' title="bbox 121 1814 1929 1870; baseline 0 -10"><span class='ocrx_word' id='word_1_207' title='bbox 121 1817 219 1860; x_wconf 88' lang='lat' dir='ltr'><strong>brio</strong></span> <span class='ocrx_word' id='word_1_208' title='bbox 237 1829 384 1859; x_wconf 83' lang='lat' dir='ltr'><strong>sacrae</strong></span> <span class='ocrx_word' id='word_1_209' title='bbox 404 1815 518 1859; x_wconf 81' lang='lat' dir='ltr'><strong>sedis</strong></span> <span class='ocrx_word' id='word_1_210' title='bbox 538 1814 770 1857; x_wconf 88' lang='lat' dir='ltr'><strong>secretario</strong></span> <span class='ocrx_word' id='word_1_211' title='bbox 783 1816 950 1856; x_wconf 91' lang='lat' dir='ltr'><strong>Romae</strong></span> <span class='ocrx_word' id='word_1_212' title='bbox 972 1814 1090 1855; x_wconf 88' lang='lat' dir='ltr'><strong>uisus</strong></span> <span class='ocrx_word' id='word_1_213' title='bbox 1112 1822 1191 1865; x_wconf 87' lang='lat' dir='ltr'><strong>est,</strong></span> <span class='ocrx_word' id='word_1_214' title='bbox 1215 1815 1336 1856; x_wconf 92' lang='lat' dir='ltr'><strong>cuius</strong></span> <span class='ocrx_word' id='word_1_215' title='bbox 1351 1815 1651 1858; x_wconf 86' lang='lat' dir='ltr'><strong>testimonium</strong></span> <span class='ocrx_word' id='word_1_216' title='bbox 1672 1817 1929 1870; x_wconf 88' lang='lat' dir='ltr'><strong>pretiosissi-</strong></span> 
     </span>
     <span class='ocr_line' id='line_1_23' title="bbox 123 1883 1926 1939; baseline 0 -12"><span class='ocrx_word' id='word_1_217' title='bbox 123 1898 245 1927; x_wconf 85' lang='lat' dir='ltr'><strong>mum</strong></span> <span class='ocrx_word' id='word_1_218' title='bbox 274 1884 322 1926; x_wconf 88' lang='lat' dir='ltr'><strong>in</strong></span> <span class='ocrx_word' id='word_1_219' title='bbox 351 1883 447 1926; x_wconf 91' lang='lat' dir='ltr'><strong>cod.</strong></span> <span class='ocrx_word' id='word_1_220' title='bbox 477 1883 768 1925; x_wconf 89' lang='lat' dir='ltr'><strong>Ambrosiano</strong></span> <span class='ocrx_word' id='word_1_221' title='bbox 812 1883 852 1923; x_wconf 94' lang='lat' dir='ltr'>R</span> <span class='ocrx_word' id='word_1_222' title='bbox 885 1883 938 1922; x_wconf 92' lang='lat'><strong>88</strong></span> <span class='ocrx_word' id='word_1_223' title='bbox 970 1895 1065 1934; x_wconf 90' lang='lat' dir='ltr'><strong>sup.</strong></span> <span class='ocrx_word' id='word_1_224' title='bbox 1100 1895 1183 1923; x_wconf 91' lang='lat' dir='ltr'><strong>sec.</strong></span> <span class='ocrx_word' id='word_1_225' title='bbox 1217 1883 1303 1924; x_wconf 93' lang='lat' dir='ltr'><strong>XV</strong></span> <span class='ocrx_word' id='word_1_226' title='bbox 1334 1883 1364 1923; x_wconf 83' lang='lat' dir='ltr'><strong>f.</strong></span> <span class='ocrx_word' id='word_1_227' title='bbox 1402 1884 1479 1924; x_wconf 91' lang='lat'><strong>112</strong></span> <span class='ocrx_word' id='word_1_228' title='bbox 1523 1883 1665 1925; x_wconf 86' lang='lat' dir='ltr'><strong>latens</strong></span> <span class='ocrx_word' id='word_1_229' title='bbox 1699 1885 1926 1939; x_wconf 90' lang='lat' dir='ltr'><strong>Remigius</strong></span> 
     </span>
     <span class='ocr_line' id='line_1_24' title="bbox 124 1949 1524 2002; baseline -0.002 -8"><span class='ocrx_word' id='word_1_230' title='bbox 124 1951 416 1995; x_wconf 82' lang='lat' dir='ltr'><strong>Sabbadinius</strong></span> <span class='ocrx_word' id='word_1_231' title='bbox 435 1965 458 1992; x_wconf 93' lang='lat' dir='ltr'><strong>e</strong></span> <span class='ocrx_word' id='word_1_232' title='bbox 476 1949 666 1993; x_wconf 91' lang='lat' dir='ltr'><strong>tenebris</strong></span> <span class='ocrx_word' id='word_1_233' title='bbox 685 1949 894 1991; x_wconf 89' lang='lat' dir='ltr'><strong>excitauit</strong></span> <span class='ocrx_word' id='word_1_234' title='bbox 913 1956 1047 2002; x_wconf 88' lang='lat' dir='ltr'><strong>atque</strong></span> <span class='ocrx_word' id='word_1_235' title='bbox 1066 1949 1230 2001; x_wconf 91' lang='lat' dir='ltr'><strong>publici</strong></span> <span class='ocrx_word' id='word_1_236' title='bbox 1247 1949 1351 1990; x_wconf 91' lang='lat' dir='ltr'><strong>iuris</strong></span> <span class='ocrx_word' id='word_1_237' title='bbox 1370 1949 1524 1991; x_wconf 65' lang='lat' dir='ltr'><strong>fecitt²³</strong></span> 
     </span>
    </p>

    <p class='ocr_par' dir='ltr' id='par_1_4' title="bbox 209 2016 1929 2137">
     <span class='ocr_line' id='line_1_25' title="bbox 209 2016 1929 2070; baseline 0 -9"><span class='ocrx_word' id='word_1_238' title='bbox 209 2017 398 2061; x_wconf 86' lang='lat' dir='ltr'><strong>Cornelii</strong></span> <span class='ocrx_word' id='word_1_239' title='bbox 418 2017 542 2060; x_wconf 87' lang='lat' dir='ltr'><strong>taciti</strong></span> <span class='ocrx_word' id='word_1_240' title='bbox 561 2017 669 2059; x_wconf 89' lang='lat' dir='ltr'><strong>liber</strong></span> <span class='ocrx_word' id='word_1_241' title='bbox 688 2016 901 2069; x_wconf 90' lang='lat' dir='ltr'><strong>reperitur</strong></span> <span class='ocrx_word' id='word_1_242' title='bbox 922 2017 1061 2057; x_wconf 91' lang='lat' dir='ltr'><strong>Rome</strong></span> <span class='ocrx_word' id='word_1_243' title='bbox 1080 2016 1201 2057; x_wconf 87' lang='lat' dir='ltr'><strong>visus</strong></span> <span class='ocrx_word' id='word_1_244' title='bbox 1225 2017 1328 2058; x_wconf 87' lang='lat'>1455</span> <span class='ocrx_word' id='word_1_245' title='bbox 1361 2017 1415 2058; x_wconf 91' lang='lat' dir='ltr'><strong>de</strong></span> <span class='ocrx_word' id='word_1_246' title='bbox 1435 2017 1610 2070; x_wconf 88' lang='lat' dir='ltr'><strong>Origine</strong></span> <span class='ocrx_word' id='word_1_247' title='bbox 1637 2024 1681 2059; x_wconf 91' lang='lat' dir='ltr'><strong>et</strong></span> <span class='ocrx_word' id='word_1_248' title='bbox 1707 2018 1794 2060; x_wconf 90' lang='lat' dir='ltr'><strong>situ</strong></span> <span class='ocrx_word' id='word_1_249' title='bbox 1825 2019 1929 2061; x_wconf 90' lang='lat' dir='ltr'><strong>Ger-</strong></span> 
     </span>
     <span class='ocr_line' id='line_1_26' title="bbox 262 2084 660 2137; baseline -0.005 -10"><span class='ocrx_word' id='word_1_250' title='bbox 262 2085 420 2127; x_wconf 87' lang='lat' dir='ltr'><strong>manie.</strong></span> <span class='ocrx_word' id='word_1_251' title='bbox 478 2084 660 2137; x_wconf 87' lang='lat' dir='ltr'><strong>Incipit:</strong></span> 
     </span>
    </p>

    <p class='ocr_par' dir='ltr' id='par_1_5' title="bbox 209 2149 1931 2597">
     <span class='ocr_line' id='line_1_27' title="bbox 209 2149 1931 2203; baseline 0.001 -9"><span class='ocrx_word' id='word_1_252' title='bbox 209 2151 443 2194; x_wconf 88' lang='lat' dir='ltr'><strong>Germania</strong></span> <span class='ocrx_word' id='word_1_253' title='bbox 459 2152 599 2193; x_wconf 88' lang='lat' dir='ltr'><strong>omnis</strong></span> <span class='ocrx_word' id='word_1_254' title='bbox 615 2164 642 2192; x_wconf 91' lang='lat' dir='ltr'><strong>a</strong></span> <span class='ocrx_word' id='word_1_255' title='bbox 672 2150 806 2192; x_wconf 91' lang='lat' dir='ltr'><strong>Gallis</strong></span> <span class='ocrx_word' id='word_1_256' title='bbox 823 2150 1028 2203; x_wconf 90' lang='lat' dir='ltr'><strong>retiisque</strong></span> <span class='ocrx_word' id='word_1_257' title='bbox 1045 2157 1089 2191; x_wconf 91' lang='lat' dir='ltr'><strong>et</strong></span> <span class='ocrx_word' id='word_1_258' title='bbox 1115 2151 1316 2203; x_wconf 91' lang='lat' dir='ltr'><strong>panoniis</strong></span> <span class='ocrx_word' id='word_1_259' title='bbox 1334 2149 1488 2192; x_wconf 92' lang='lat' dir='ltr'><strong>Rheno</strong></span> <span class='ocrx_word' id='word_1_260' title='bbox 1504 2158 1549 2193; x_wconf 93' lang='lat' dir='ltr'><strong>et</strong></span> <span class='ocrx_word' id='word_1_261' title='bbox 1577 2151 1769 2194; x_wconf 89' lang='lat' dir='ltr'><strong>danubio</strong></span> <span class='ocrx_word' id='word_1_262' title='bbox 1790 2153 1931 2196; x_wconf 93' lang='lat' dir='ltr'><strong>flumi-</strong></span> 
     </span>
     <span class='ocr_line' id='line_1_28' title="bbox 261 2218 1930 2272; baseline 0.001 -11"><span class='ocrx_word' id='word_1_263' title='bbox 261 2219 391 2261; x_wconf 85' lang='lat' dir='ltr'><strong>nibus</strong></span> <span class='ocrx_word' id='word_1_264' title='bbox 418 2231 446 2260; x_wconf 90' lang='lat' dir='ltr'><strong>a</strong></span> <span class='ocrx_word' id='word_1_265' title='bbox 475 2219 685 2260; x_wconf 88' lang='lat' dir='ltr'><strong>Sarmatis</strong></span> <span class='ocrx_word' id='word_1_266' title='bbox 713 2218 919 2270; x_wconf 90' lang='lat' dir='ltr'><strong>dacisque</strong></span> <span class='ocrx_word' id='word_1_267' title='bbox 938 2223 1094 2258; x_wconf 92' lang='lat' dir='ltr'><strong>mutuo</strong></span> <span class='ocrx_word' id='word_1_268' title='bbox 1113 2224 1235 2259; x_wconf 90' lang='lat' dir='ltr'><strong>metu</strong></span> <span class='ocrx_word' id='word_1_269' title='bbox 1253 2224 1333 2259; x_wconf 89' lang='lat' dir='ltr'><strong>aut</strong></span> <span class='ocrx_word' id='word_1_270' title='bbox 1351 2218 1576 2260; x_wconf 91' lang='lat' dir='ltr'><strong>montibus</strong></span> <span class='ocrx_word' id='word_1_271' title='bbox 1594 2226 1832 2272; x_wconf 91' lang='lat' dir='ltr'><strong>seperatur.</strong></span> <span class='ocrx_word' id='word_1_272' title='bbox 1863 2233 1930 2262; x_wconf 90' lang='lat' dir='ltr'><strong>ce-</strong></span> 
     </span>
     <span class='ocr_line' id='line_1_29' title="bbox 263 2283 1930 2337; baseline 0.001 -9"><span class='ocrx_word' id='word_1_273' title='bbox 263 2292 357 2328; x_wconf 85' lang='lat' dir='ltr'><strong>tera</strong></span> <span class='ocrx_word' id='word_1_274' title='bbox 384 2298 596 2328; x_wconf 89' lang='lat' dir='ltr'><strong>occeanus</strong></span> <span class='ocrx_word' id='word_1_275' title='bbox 622 2284 776 2327; x_wconf 85' lang='lat' dir='ltr'><strong>ambit.</strong></span> <span class='ocrx_word' id='word_1_276' title='bbox 836 2285 958 2337; x_wconf 90' lang='lat' dir='ltr'><strong>Opus</strong></span> <span class='ocrx_word' id='word_1_277' title='bbox 978 2290 1045 2326; x_wconf 91' lang='lat' dir='ltr'><strong>est</strong></span> <span class='ocrx_word' id='word_1_278' title='bbox 1071 2283 1275 2326; x_wconf 81' lang='lat' dir='ltr'><strong>foliorum</strong></span> <span class='ocrx_word' id='word_1_279' title='bbox 1301 2285 1360 2326; x_wconf 85' lang='lat' dir='ltr'><strong>xii</strong></span> <span class='ocrx_word' id='word_1_280' title='bbox 1379 2285 1425 2326; x_wconf 93' lang='lat' dir='ltr'><strong>in</strong></span> <span class='ocrx_word' id='word_1_281' title='bbox 1452 2286 1733 2328; x_wconf 89' lang='lat' dir='ltr'><strong>columnellis.</strong></span> <span class='ocrx_word' id='word_1_282' title='bbox 1794 2287 1930 2329; x_wconf 83' lang='lat' dir='ltr'><strong>Finit:</strong></span> 
     </span>
     <span class='ocr_line' id='line_1_30' title="bbox 264 2351 1931 2407; baseline 0 -11"><span class='ocrx_word' id='word_1_283' title='bbox 264 2354 423 2396; x_wconf 88' lang='lat' dir='ltr'><strong>Cetera</strong></span> <span class='ocrx_word' id='word_1_284' title='bbox 440 2353 530 2395; x_wconf 91' lang='lat' dir='ltr'><strong>iam</strong></span> <span class='ocrx_word' id='word_1_285' title='bbox 547 2352 751 2394; x_wconf 83' lang='lat' dir='ltr'><strong>fabulosa</strong></span> <span class='ocrx_word' id='word_1_286' title='bbox 769 2351 960 2393; x_wconf 89' lang='lat' dir='ltr'><strong>helusios</strong></span> <span class='ocrx_word' id='word_1_287' title='bbox 978 2357 1023 2393; x_wconf 87' lang='lat' dir='ltr'><strong>et</strong></span> <span class='ocrx_word' id='word_1_288' title='bbox 1042 2352 1220 2394; x_wconf 87' lang='lat' dir='ltr'><strong>oxionas</strong></span> <span class='ocrx_word' id='word_1_289' title='bbox 1240 2365 1316 2393; x_wconf 89' lang='lat' dir='ltr'><strong>ora</strong></span> <span class='ocrx_word' id='word_1_290' title='bbox 1334 2351 1563 2394; x_wconf 91' lang='lat' dir='ltr'><strong>hominum</strong></span> <span class='ocrx_word' id='word_1_291' title='bbox 1582 2354 1819 2407; x_wconf 91' lang='lat' dir='ltr'><strong>vultusque</strong></span> <span class='ocrx_word' id='word_1_292' title='bbox 1838 2367 1931 2396; x_wconf 90' lang='lat' dir='ltr'><strong>cor-</strong></span> 
     </span>
     <span class='ocr_line' id='line_1_31' title="bbox 261 2419 1931 2474; baseline 0 -11"><span class='ocrx_word' id='word_1_293' title='bbox 261 2433 372 2474; x_wconf 86' lang='lat' dir='ltr'><strong>pora</strong></span> <span class='ocrx_word' id='word_1_294' title='bbox 391 2427 526 2473; x_wconf 89' lang='lat' dir='ltr'><strong>atque</strong></span> <span class='ocrx_word' id='word_1_295' title='bbox 546 2426 670 2461; x_wconf 90' lang='lat' dir='ltr'><strong>artus</strong></span> <span class='ocrx_word' id='word_1_296' title='bbox 690 2419 882 2461; x_wconf 83' lang='lat' dir='ltr'><strong>ferarum</strong></span> <span class='ocrx_word' id='word_1_297' title='bbox 903 2432 1061 2472; x_wconf 90' lang='lat' dir='ltr'><strong>gerere.</strong></span> <span class='ocrx_word' id='word_1_298' title='bbox 1122 2419 1240 2472; x_wconf 92' lang='lat' dir='ltr'><strong>quod</strong></span> <span class='ocrx_word' id='word_1_299' title='bbox 1261 2433 1341 2472; x_wconf 92' lang='lat' dir='ltr'><strong>ego</strong></span> <span class='ocrx_word' id='word_1_300' title='bbox 1363 2426 1413 2461; x_wconf 91' lang='lat' dir='ltr'><strong>ut</strong></span> <span class='ocrx_word' id='word_1_301' title='bbox 1433 2420 1755 2474; x_wconf 91' lang='lat' dir='ltr'><strong>incompertum</strong></span> <span class='ocrx_word' id='word_1_302' title='bbox 1776 2422 1821 2463; x_wconf 93' lang='lat' dir='ltr'><strong>in</strong></span> <span class='ocrx_word' id='word_1_303' title='bbox 1843 2435 1931 2463; x_wconf 92' lang='lat' dir='ltr'><strong>me-</strong></span> 
     </span>
     <span class='ocr_line' id='line_1_32' title="bbox 261 2485 1931 2540; baseline 0 -10"><span class='ocrx_word' id='word_1_304' title='bbox 261 2487 385 2531; x_wconf 89' lang='lat' dir='ltr'><strong>dium</strong></span> <span class='ocrx_word' id='word_1_305' title='bbox 400 2486 656 2540; x_wconf 87' lang='lat' dir='ltr'><strong>relinquam.</strong></span> <span class='ocrx_word' id='word_1_306' title='bbox 716 2487 858 2528; x_wconf 86' lang='lat' dir='ltr'><strong>utitur</strong></span> <span class='ocrx_word' id='word_1_307' title='bbox 872 2492 1024 2527; x_wconf 90' lang='lat' dir='ltr'><strong>autem</strong></span> <span class='ocrx_word' id='word_1_308' title='bbox 1039 2486 1252 2527; x_wconf 90' lang='lat' dir='ltr'><strong>cornelius</strong></span> <span class='ocrx_word' id='word_1_309' title='bbox 1267 2485 1350 2527; x_wconf 93' lang='lat' dir='ltr'><strong>hoc</strong></span> <span class='ocrx_word' id='word_1_310' title='bbox 1366 2487 1583 2528; x_wconf 91' lang='lat' dir='ltr'><strong>vocabulo</strong></span> <span class='ocrx_word' id='word_1_311' title='bbox 1598 2488 1828 2530; x_wconf 87' lang='lat' dir='ltr'><strong>inscientia</strong></span> <span class='ocrx_word' id='word_1_312' title='bbox 1843 2502 1931 2530; x_wconf 92' lang='lat' dir='ltr'><strong>non</strong></span> 
     </span>
     <span class='ocr_line' id='line_1_33' title="bbox 263 2554 464 2597; baseline -0.005 -1"><span class='ocrx_word' id='word_1_313' title='bbox 263 2554 464 2597; x_wconf 84' lang='lat' dir='ltr'><strong>Inscitia:</strong></span> 
     </span>
    </p>

    <p class='ocr_par' dir='ltr' id='par_1_6' title="bbox 208 2619 1933 2743">
     <span class='ocr_line' id='line_1_34' title="bbox 208 2619 1933 2674; baseline 0 -10"><span class='ocrx_word' id='word_1_314' title='bbox 208 2622 290 2664; x_wconf 88' lang='lat' dir='ltr'><strong>Est</strong></span> <span class='ocrx_word' id='word_1_315' title='bbox 305 2621 417 2664; x_wconf 85' lang='lat' dir='ltr'><strong>alius</strong></span> <span class='ocrx_word' id='word_1_316' title='bbox 433 2621 541 2663; x_wconf 90' lang='lat' dir='ltr'><strong>liber</strong></span> <span class='ocrx_word' id='word_1_317' title='bbox 557 2620 751 2663; x_wconf 92' lang='lat' dir='ltr'><strong>eiusdem</strong></span> <span class='ocrx_word' id='word_1_318' title='bbox 768 2620 822 2662; x_wconf 93' lang='lat' dir='ltr'><strong>de</strong></span> <span class='ocrx_word' id='word_1_319' title='bbox 839 2619 934 2662; x_wconf 90' lang='lat' dir='ltr'><strong>vita</strong></span> <span class='ocrx_word' id='word_1_320' title='bbox 946 2619 1051 2673; x_wconf 89' lang='lat' dir='ltr'><strong>Julii</strong></span> <span class='ocrx_word' id='word_1_321' title='bbox 1062 2620 1247 2672; x_wconf 87' lang='lat' dir='ltr'><strong>agricole</strong></span> <span class='ocrx_word' id='word_1_322' title='bbox 1260 2621 1396 2662; x_wconf 87' lang='lat' dir='ltr'><strong>soceri</strong></span> <span class='ocrx_word' id='word_1_323' title='bbox 1408 2621 1488 2663; x_wconf 86' lang='lat' dir='ltr'><strong>sui.</strong></span> <span class='ocrx_word' id='word_1_324' title='bbox 1523 2621 1568 2662; x_wconf 91' lang='lat' dir='ltr'><strong>in</strong></span> <span class='ocrx_word' id='word_1_325' title='bbox 1584 2635 1671 2674; x_wconf 92' lang='lat' dir='ltr'><strong>quo</strong></span> <span class='ocrx_word' id='word_1_326' title='bbox 1683 2623 1933 2664; x_wconf 91' lang='lat' dir='ltr'><strong>continetur</strong></span> 
     </span>
     <span class='ocr_line' id='line_1_35' title="bbox 263 2687 1931 2743; baseline 0.001 -12"><span class='ocrx_word' id='word_1_327' title='bbox 263 2688 498 2742; x_wconf 86' lang='lat' dir='ltr'><strong>descriptio</strong></span> <span class='ocrx_word' id='word_1_328' title='bbox 511 2688 707 2730; x_wconf 90' lang='lat' dir='ltr'><strong>Britanie</strong></span> <span class='ocrx_word' id='word_1_329' title='bbox 721 2687 881 2738; x_wconf 89' lang='lat' dir='ltr'><strong>Insule,</strong></span> <span class='ocrx_word' id='word_1_330' title='bbox 899 2699 978 2728; x_wconf 90' lang='lat' dir='ltr'><strong>nec</strong></span> <span class='ocrx_word' id='word_1_331' title='bbox 993 2700 1083 2728; x_wconf 93' lang='lat' dir='ltr'><strong>non</strong></span> <span class='ocrx_word' id='word_1_332' title='bbox 1096 2687 1359 2740; x_wconf 91' lang='lat' dir='ltr'><strong>populorum</strong></span> <span class='ocrx_word' id='word_1_333' title='bbox 1377 2701 1518 2730; x_wconf 91' lang='lat' dir='ltr'><strong>mores</strong></span> <span class='ocrx_word' id='word_1_334' title='bbox 1533 2695 1578 2730; x_wconf 93' lang='lat' dir='ltr'><strong>et</strong></span> <span class='ocrx_word' id='word_1_335' title='bbox 1594 2689 1717 2730; x_wconf 86' lang='lat' dir='ltr'><strong>ritus.</strong></span> <span class='ocrx_word' id='word_1_336' title='bbox 1751 2690 1931 2743; x_wconf 89' lang='lat' dir='ltr'><strong>Incipit:</strong></span> 
     </span>
    </p>

    <p class='ocr_par' dir='ltr' id='par_1_7' title="bbox 209 2754 1933 3076">
     <span class='ocr_line' id='line_1_36' title="bbox 209 2754 1929 2809; baseline 0 -10"><span class='ocrx_word' id='word_1_337' title='bbox 209 2755 438 2798; x_wconf 82' lang='lat' dir='ltr'><strong>Clarorum</strong></span> <span class='ocrx_word' id='word_1_338' title='bbox 454 2755 647 2798; x_wconf 91' lang='lat' dir='ltr'><strong>virorum</strong></span> <span class='ocrx_word' id='word_1_339' title='bbox 663 2754 784 2796; x_wconf 84' lang='lat' dir='ltr'><strong>facta</strong></span> <span class='ocrx_word' id='word_1_340' title='bbox 801 2767 1028 2807; x_wconf 86' lang='lat' dir='ltr'><strong>moresque</strong></span> <span class='ocrx_word' id='word_1_341' title='bbox 1043 2754 1232 2808; x_wconf 88' lang='lat' dir='ltr'><strong>posteris</strong></span> <span class='ocrx_word' id='word_1_342' title='bbox 1251 2755 1421 2797; x_wconf 87' lang='lat' dir='ltr'><strong>tradere</strong></span> <span class='ocrx_word' id='word_1_343' title='bbox 1437 2756 1684 2808; x_wconf 89' lang='lat' dir='ltr'><strong>antiquitus</strong></span> <span class='ocrx_word' id='word_1_344' title='bbox 1701 2757 1929 2809; x_wconf 88' lang='lat' dir='ltr'><strong>usitatum,</strong></span> 
     </span>
     <span class='ocr_line' id='line_1_37' title="bbox 263 2821 1931 2876; baseline 0.001 -11"><span class='ocrx_word' id='word_1_345' title='bbox 263 2835 319 2865; x_wconf 88' lang='lat' dir='ltr'><strong>ne</strong></span> <span class='ocrx_word' id='word_1_346' title='bbox 352 2823 514 2865; x_wconf 89' lang='lat' dir='ltr'><strong>nostris</strong></span> <span class='ocrx_word' id='word_1_347' title='bbox 549 2822 727 2876; x_wconf 90' lang='lat' dir='ltr'><strong>quidem</strong></span> <span class='ocrx_word' id='word_1_348' title='bbox 762 2821 1034 2874; x_wconf 89' lang='lat' dir='ltr'><strong>temporibus</strong></span> <span class='ocrx_word' id='word_1_349' title='bbox 1068 2834 1338 2875; x_wconf 87' lang='lat' dir='ltr'><strong>quamquam</strong></span> <span class='ocrx_word' id='word_1_350' title='bbox 1372 2822 1588 2865; x_wconf 87' lang='lat' dir='ltr'><strong>incuriosa</strong></span> <span class='ocrx_word' id='word_1_351' title='bbox 1623 2836 1801 2866; x_wconf 84' lang='lat' dir='ltr'><strong>suorum</strong></span> <span class='ocrx_word' id='word_1_352' title='bbox 1835 2831 1931 2866; x_wconf 91' lang='lat' dir='ltr'><strong>etas</strong></span> 
     </span>
     <span class='ocr_line' id='line_1_38' title="bbox 262 2888 1931 2944; baseline 0 -12"><span class='ocrx_word' id='word_1_353' title='bbox 262 2889 471 2932; x_wconf 86' lang='lat' dir='ltr'><strong>ommisit.</strong></span> <span class='ocrx_word' id='word_1_354' title='bbox 529 2889 653 2944; x_wconf 92' lang='lat' dir='ltr'><strong>Opus</strong></span> <span class='ocrx_word' id='word_1_355' title='bbox 679 2888 885 2931; x_wconf 82' lang='lat' dir='ltr'><strong>foliorum</strong></span> <span class='ocrx_word' id='word_1_356' title='bbox 912 2888 1062 2930; x_wconf 88' lang='lat' dir='ltr'><strong>decem</strong></span> <span class='ocrx_word' id='word_1_357' title='bbox 1089 2894 1135 2930; x_wconf 90' lang='lat' dir='ltr'><strong>et</strong></span> <span class='ocrx_word' id='word_1_358' title='bbox 1162 2895 1375 2941; x_wconf 89' lang='lat' dir='ltr'><strong>quattuor</strong></span> <span class='ocrx_word' id='word_1_359' title='bbox 1401 2890 1447 2931; x_wconf 94' lang='lat' dir='ltr'><strong>in</strong></span> <span class='ocrx_word' id='word_1_360' title='bbox 1473 2889 1756 2932; x_wconf 79' lang='lat' dir='ltr'><strong>columnellis,</strong></span> <span class='ocrx_word' id='word_1_361' title='bbox 1815 2890 1931 2933; x_wconf 90' lang='lat' dir='ltr'><strong>finit:</strong></span> 
     </span>
     <span class='ocr_line' id='line_1_39' title="bbox 264 2955 1933 3011; baseline 0 -12"><span class='ocrx_word' id='word_1_362' title='bbox 264 2957 383 3000; x_wconf 88' lang='lat' dir='ltr'><strong>Nam</strong></span> <span class='ocrx_word' id='word_1_363' title='bbox 401 2956 565 2999; x_wconf 88' lang='lat' dir='ltr'><strong>multos</strong></span> <span class='ocrx_word' id='word_1_364' title='bbox 585 2956 724 2998; x_wconf 89' lang='lat' dir='ltr'><strong>veluti</strong></span> <span class='ocrx_word' id='word_1_365' title='bbox 741 2955 946 3009; x_wconf 88' lang='lat' dir='ltr'><strong>inglorios</strong></span> <span class='ocrx_word' id='word_1_366' title='bbox 966 2961 1012 2998; x_wconf 89' lang='lat' dir='ltr'><strong>et</strong></span> <span class='ocrx_word' id='word_1_367' title='bbox 1030 2955 1241 3008; x_wconf 88' lang='lat' dir='ltr'><strong>ignobiles</strong></span> <span class='ocrx_word' id='word_1_368' title='bbox 1261 2955 1425 2997; x_wconf 90' lang='lat' dir='ltr'><strong>obliuio</strong></span> <span class='ocrx_word' id='word_1_369' title='bbox 1445 2956 1614 3008; x_wconf 92' lang='lat' dir='ltr'><strong>obruet,</strong></span> <span class='ocrx_word' id='word_1_370' title='bbox 1637 2957 1837 3010; x_wconf 87' lang='lat' dir='ltr'><strong>Agricola</strong></span> <span class='ocrx_word' id='word_1_371' title='bbox 1856 2971 1933 3011; x_wconf 93' lang='lat' dir='ltr'><strong>po-</strong></span> 
     </span>
     <span class='ocr_line' id='line_1_40' title="bbox 263 3023 1313 3076; baseline -0.002 -10"><span class='ocrx_word' id='word_1_372' title='bbox 263 3023 456 3066; x_wconf 85' lang='lat' dir='ltr'><strong>steritati</strong></span> <span class='ocrx_word' id='word_1_373' title='bbox 474 3030 679 3066; x_wconf 90' lang='lat' dir='ltr'><strong>narratus</strong></span> <span class='ocrx_word' id='word_1_374' title='bbox 701 3030 746 3065; x_wconf 90' lang='lat' dir='ltr'><strong>et</strong></span> <span class='ocrx_word' id='word_1_375' title='bbox 767 3023 957 3064; x_wconf 91' lang='lat' dir='ltr'><strong>traditus</strong></span> <span class='ocrx_word' id='word_1_376' title='bbox 978 3029 1197 3076; x_wconf 90' lang='lat' dir='ltr'><strong>superstes</strong></span> <span class='ocrx_word' id='word_1_377' title='bbox 1218 3023 1313 3064; x_wconf 90' lang='lat' dir='ltr'><strong>erit.</strong></span> 
     </span>
    </p>
   </div>
   <div class='ocr_carea' id='block_1_3' title="bbox 122 3131 1934 3290">
    <p class='ocr_par' dir='ltr' id='par_1_8' title="bbox 122 3131 1934 3290">
     <span class='ocr_line' id='line_1_41' title="bbox 211 3131 1934 3180; baseline 0.001 -10"><span class='ocrx_word' id='word_1_378' title='bbox 211 3134 383 3170; x_wconf 62' lang='lat' dir='ltr'><strong>”Rivista</strong></span> <span class='ocrx_word' id='word_1_379' title='bbox 394 3135 434 3170; x_wconf 75' lang='lat' dir='ltr'><strong>di</strong></span> <span class='ocrx_word' id='word_1_380' title='bbox 446 3135 613 3179; x_wconf 71' lang='lat' dir='ltr'><strong>Filologia</strong></span> <span class='ocrx_word' id='word_1_381' title='bbox 626 3134 813 3169; x_wconf 89' lang='lat' dir='ltr'>XXVIIII</span> <span class='ocrx_word' id='word_1_382' title='bbox 830 3131 948 3176; x_wconf 88' lang='lat'><strong>(1901)</strong></span> <span class='ocrx_word' id='word_1_383' title='bbox 964 3144 1000 3178; x_wconf 91' lang='lat' dir='ltr'><strong>p.</strong></span> <span class='ocrx_word' id='word_1_384' title='bbox 1011 3133 1077 3168; x_wconf 90' lang='lat'><strong>262</strong></span> <span class='ocrx_word' id='word_1_385' title='bbox 1092 3145 1170 3178; x_wconf 83' lang='lat' dir='ltr'><strong>sqq.</strong></span> <span class='ocrx_word' id='word_1_386' title='bbox 1205 3133 1235 3168; x_wconf 89' lang='lat' dir='ltr'><strong>E</strong></span> <span class='ocrx_word' id='word_1_387' title='bbox 1250 3134 1327 3169; x_wconf 91' lang='lat' dir='ltr'><strong>cod.</strong></span> <span class='ocrx_word' id='word_1_388' title='bbox 1343 3134 1577 3170; x_wconf 80' lang='lat' dir='ltr'><strong>Ambrosiano</strong></span> <span class='ocrx_word' id='word_1_389' title='bbox 1592 3135 1625 3170; x_wconf 89' lang='lat' dir='ltr'><strong>R</strong></span> <span class='ocrx_word' id='word_1_390' title='bbox 1640 3135 1683 3170; x_wconf 93' lang='lat'><strong>88</strong></span> <span class='ocrx_word' id='word_1_391' title='bbox 1698 3146 1775 3180; x_wconf 83' lang='lat' dir='ltr'><strong>sup.</strong></span> <span class='ocrx_word' id='word_1_392' title='bbox 1786 3146 1853 3171; x_wconf 85' lang='lat' dir='ltr'><strong>sec.</strong></span> <span class='ocrx_word' id='word_1_393' title='bbox 1863 3136 1934 3172; x_wconf 91' lang='lat' dir='ltr'><strong>XV</strong></span> 
     </span>
     <span class='ocr_line' id='line_1_42' title="bbox 123 3189 1933 3235; baseline 0.001 -10"><span class='ocrx_word' id='word_1_394' title='bbox 123 3189 150 3226; x_wconf 81' lang='lat' dir='ltr'><strong>f.</strong></span> <span class='ocrx_word' id='word_1_395' title='bbox 170 3189 233 3226; x_wconf 89' lang='grc'><strong>112</strong></span> <span class='ocrx_word' id='word_1_396' title='bbox 251 3189 484 3235; x_wconf 86' lang='lat' dir='ltr'><strong>phototypice</strong></span> <span class='ocrx_word' id='word_1_397' title='bbox 499 3190 642 3235; x_wconf 86' lang='lat' dir='ltr'><strong>depicta</strong></span> <span class='ocrx_word' id='word_1_398' title='bbox 659 3189 868 3233; x_wconf 85' lang='lat' dir='ltr'><strong>transcribo,</strong></span> <span class='ocrx_word' id='word_1_399' title='bbox 886 3189 956 3225; x_wconf 77' lang='lat' dir='ltr'><strong>nisi</strong></span> <span class='ocrx_word' id='word_1_400' title='bbox 973 3190 1069 3233; x_wconf 92' lang='lat' dir='ltr'><strong>quod</strong></span> <span class='ocrx_word' id='word_1_401' title='bbox 1086 3189 1125 3225; x_wconf 90' lang='lat' dir='ltr'><strong>in</strong></span> <span class='ocrx_word' id='word_1_402' title='bbox 1142 3189 1309 3225; x_wconf 82' lang='lat' dir='ltr'><strong>schedula</strong></span> <span class='ocrx_word' id='word_1_403' title='bbox 1326 3201 1407 3226; x_wconf 88' lang='lat' dir='ltr'><strong>mea</strong></span> <span class='ocrx_word' id='word_1_404' title='bbox 1424 3190 1599 3234; x_wconf 81' lang='lat' dir='ltr'><strong>scriptura</strong></span> <span class='ocrx_word' id='word_1_405' title='bbox 1615 3191 1668 3226; x_wconf 84' lang='lat' dir='ltr'><strong>ita</strong></span> <span class='ocrx_word' id='word_1_406' title='bbox 1686 3196 1741 3227; x_wconf 82' lang='lat' dir='ltr'><strong>est</strong></span> <span class='ocrx_word' id='word_1_407' title='bbox 1758 3191 1872 3227; x_wconf 81' lang='lat' dir='ltr'><strong>diluta</strong></span> <span class='ocrx_word' id='word_1_408' title='bbox 1890 3197 1933 3227; x_wconf 87' lang='lat' dir='ltr'><strong>ut</strong></span> 
     </span>
     <span class='ocr_line' id='line_1_43' title="bbox 122 3245 1484 3290; baseline 0.001 -8"><span class='ocrx_word' id='word_1_409' title='bbox 122 3256 391 3290; x_wconf 78' lang='lat' dir='ltr'><strong>nonnumquam</strong></span> <span class='ocrx_word' id='word_1_410' title='bbox 405 3251 543 3282; x_wconf 86' lang='lat' dir='ltr'><strong>textum</strong></span> <span class='ocrx_word' id='word_1_411' title='bbox 557 3258 579 3281; x_wconf 86' lang='lat' dir='ltr'><strong>a</strong></span> <span class='ocrx_word' id='word_1_412' title='bbox 593 3246 811 3282; x_wconf 85' lang='lat' dir='ltr'><strong>Sabbadinio</strong></span> <span class='ocrx_word' id='word_1_413' title='bbox 824 3245 1085 3281; x_wconf 81' lang='lat' dir='ltr'><strong>accuratissime</strong></span> <span class='ocrx_word' id='word_1_414' title='bbox 1098 3245 1236 3281; x_wconf 88' lang='lat' dir='ltr'><strong>editum</strong></span> <span class='ocrx_word' id='word_1_415' title='bbox 1250 3251 1392 3281; x_wconf 84' lang='lat' dir='ltr'><strong>secutus</strong></span> <span class='ocrx_word' id='word_1_416' title='bbox 1405 3246 1484 3283; x_wconf 88' lang='lat' dir='ltr'><strong>sim.</strong></span> 
     </span>
    </p>
   </div>
  </div>
 </body>
</html>
