2340 3840
134 349 216 393 ⁶031
535 347 601 382 ΕΤ
616 347 926 382 RHETORIBVS
943 346 1170 382 CODICVM
1188 346 1325 381 NEXV
1341 346 1405 380 ET
1422 346 1538 380 FIDE
1877 345 1941 379 103

137 475 244 506 num
271 461 360 504 duo
385 473 559 516 genera:
585 460 771 502 alterum
797 459 1032 511 infinitum,
1059 459 1246 501 alterum
1273 458 1515 500 definitum.
1590 457 1834 500 Definitum
1860 463 1941 509 est,

138 528 256 584 quod
276 529 452 571 ὑπόθεσιν
475 527 642 579 Graeci,
665 539 743 568 nos
766 538 961 569 causam:
983 525 1219 577 infinitum,
1244 525 1361 578 quod
1382 527 1487 566 θέσιν
1516 525 1578 566 illi
1599 523 1839 578 appellant,
1862 537 1941 566 nos

135 594 410 650 propositum
430 606 661 648 possumus
690 591 959 635 nominare.'’
1017 592 1296 635 Volkmann¹⁹
1326 594 1517 634 ὑποθέσεις
1539 591 1639 633 huic
1656 590 1752 633 loco
1769 590 1942 633 restitui

136 668 335 718 oportere
355 667 515 705 censet.
567 659 946 703 Reifferscheidius
961 660 1020 702 ad
1039 660 1230 712 syntaxis
1251 658 1446 709 reuertit,
1465 658 1583 712 quod
1599 657 1682 700 hoc
1701 658 1797 699 loco
1812 671 1940 700 sensu

135 736 270 773 caret.
326 729 484 772 Nonne
529 741 681 770 uerum
718 727 764 770 in
802 727 940 770 altera
979 726 1139 769 codicis
1179 724 1496 768 Hersfeldensis
1534 725 1719 767 lectione
1757 725 1942 777 syntasis

135 795 446 839 inuenientium
474 796 564 838 est?
618 795 736 836 Nam
768 794 931 837 Graece
961 797 1144 836 σύντασις
1172 793 1349 846 propria
1368 791 1683 845 significatione
1702 792 1855 834 eadem
1876 798 1941 833 est

137 875 248 917 quae
277 863 434 906 Latine
449 862 666 904 eontentio.
713 861 749 904 C
750 861 931 903 ontentio
947 867 1097 904 autem
1112 859 1285 913 saepius
1300 872 1380 912 pro
1395 872 1524 900 causa
1535 858 1604 900 uel
1620 858 1942 900 controuersiam

137 936 388 984 usurpatur.
446 929 541 983 Ego
568 925 754 982 syntasis
775 927 902 971 edere
931 926 1082 970 malim
1104 939 1240 981 quam
1268 925 1376 967 illud
1397 925 1722 979 ineptissimum
1750 925 1943 978 syntaxis

135 995 368 1050 suscipere,
400 1002 479 1039 aut
513 1003 607 1038 tam
635 995 761 1048 longe
791 1008 818 1037 a
846 994 931 1037 fide
961 993 1162 1036 codicum
1184 992 1401 1035 discedere
1430 999 1480 1034 ut
1505 995 1627 1035 θέσεις
1658 991 1728 1034 uel
1749 993 1941 1034 ὑποθέσεις

137 1063 340 1107 scribam.
424 1063 508 1105 Sed
535 1069 656 1105 totus
681 1061 801 1104 locus
827 1061 1179 1115 corruptissimus
1205 1059 1392 1102 uidetur.
1450 1060 1567 1101 Nam
1594 1071 1811 1112 quaenam
1837 1057 1943 1100 satis

135 1129 293 1174 idonea
314 1129 534 1173 sententia
557 1143 610 1172 ex
632 1129 934 1183 appellationes
954 1127 1103 1170 Graeci
1127 1127 1196 1170 uel
1219 1126 1521 1180 appellationes
1541 1125 1693 1168 Graece
1716 1124 1944 1168 efficienda

137 1197 195 1240 sit
207 1210 296 1240 non
310 1197 452 1240 uideo.
506 1196 884 1239 Reifferscheidius
901 1195 1071 1238 Schotti
1093 1194 1159 1245 (L.
1181 1195 1244 1236 IV
1263 1195 1358 1236 Obs.
1378 1195 1423 1237 H
1425 1207 1512 1236 um.
1533 1206 1569 1235 c.
1587 1190 1627 1243 7)
1649 1192 1944 1234 coniecturam

137 1265 418 1319 appellatione
435 1263 591 1307 Graeca
609 1263 761 1314 edidit,
782 1275 894 1316 quae
912 1262 1056 1304 sensui
1074 1261 1274 1316 congruit
1293 1261 1369 1303 sed
1387 1261 1432 1302 in
1460 1260 1592 1302 fidem
1621 1258 1821 1301 codicum
1849 1258 1942 1300 uim

137 1331 292 1375 facit?
1624 1362 1630 1367 .

221 1399 273 1442 C.
285 1398 339 1441 28
347 1397 408 1452 (p.
423 1398 516 1450 124,
537 1396 602 1448 14)
622 1398 799 1440 nuZino:
817 1397 1025 1440 mancino.
1075 1396 1283 1438 Wissowa
1301 1393 1363 1448 (p.
1379 1392 1486 1445 XX)
1506 1394 1702 1436 mancino
1719 1393 1764 1435 in
1783 1390 1815 1434 L
1833 1394 1945 1435 Pon-

139 1465 236 1509 tani
253 1465 514 1509 diuinationi
532 1464 754 1515 attribuit3
774 1477 906 1517 quam
924 1463 1172 1517 opinionem
1190 1463 1342 1504 eadem
1359 1461 1488 1503 lectio
1505 1461 1549 1502 in
1569 1458 1618 1502 M
1634 1457 1674 1502 K
1686 1459 1946 1513 perdubiam

143 1531 322 1575 efficit?

821 1666 883 1707 ΙΙ.
942 1665 1018 1707 ΒΕ
1047 1665 1210 1707 Suam:
1243 1681 1267 1705 α

311 1781 349 1821 1.
408 1779 670 1821 anrromss
689 1789 828 1819 rrvrvs
850 1778 1026 1820 S‘rrRPrs
1047 1788 1139 1819 NEC
1158 1788 1255 1819 NON
1278 1776 1466 1818 ConrcIS
1489 1772 1530 1816 N
1549 1785 1776 1816 PROPRIAE

890 1856 1193 1886 nxmBEeru

223 1970 379 2024 Stirpis
397 1988 423 2012 ο,
440 1977 528 2012 tres
546 1970 715 2012 codices
733 1969 861 2011 hodie
879 1975 982 2010 sunt
1000 1966 1270 2021 superstites,
1290 1981 1476 2020 quorum
1495 1980 1606 2008 unus
1625 1965 1946 2018 Neapolitanus

137 2034 212 2090 (N)
233 2045 464 2091 tamquam
483 2037 610 2088 filius,
632 2036 720 2079 duo
739 2036 872 2079 ceteri
896 2036 1123 2078 Gudianus
1141 2031 1215 2086 (G)
1238 2041 1282 2076 et
1303 2034 1543 2076 Vaticanus
1566 2033 1674 2075 1518
1692 2029 1744 2084 (l)
1767 2038 1947 2085 nepotes

139 2104 276 2159 ipsius
294 2103 455 2147 codicis
475 2121 502 2146 a.
521 2103 672 2146 haberi
689 2110 888 2157 possunt.
939 2102 1067 2145 Hanc
1086 2102 1268 2155 stirpem
1287 2101 1520 2155 pristinam
1540 2099 1856 2142 Hersfeldensis
1877 2112 1947 2141 co-

93 2223 98 2227 *
140 2171 248 2214 dicis
264 2171 592 2226 inscriptionem
609 2183 864 2213 conseruare
882 2169 1048 2223 supra²³
1064 2169 1269 2210 iudicaui.
1317 2169 1370 2209 In
1383 2167 1678 2220 Neapolitano
1694 2166 1947 2220 grammati-

139 2251 290 2282 corum
308 2238 621 2292 rhetorumque
638 2238 802 2279 indices
822 2236 1050 2287 deficiunt;
1074 2236 1119 2277 in
1146 2235 1350 2278 Gudiano
1373 2242 1417 2278 et
1437 2235 1654 2277 Vaticano
1672 2240 1822 2276 autem
1841 2233 1947 2275 dua-

138 2306 220 2348 bus
247 2305 460 2348 columnis
488 2305 612 2347 iuxta
638 2304 794 2358 positis
822 2311 866 2347 et
895 2304 1037 2346 textui
1064 2302 1311 2357 praemissis
1340 2302 1478 2344 totius
1505 2301 1640 2343 libelli
1666 2300 1947 2354 inscriptione

137 2373 425 2428 praecedente
436 2373 731 2415 continentur.
782 2371 1181 2414 Grammaticorum
1192 2370 1320 2412 index
1331 2369 1661 2422 inscriptionem
1673 2367 1948 2410 Grammatici

137 2437 389 2492 (Gramatici
421 2436 479 2491 Ι),
516 2439 740 2482 rhetorum
784 2439 914 2480 index
956 2437 1285 2490 inscriptionem
1323 2438 1429 2478 Item
1463 2437 1639 2478 rhetores
1674 2433 1869 2486 (rethores
1904 2430 1942 2484 Ι)

137 2505 423 2561 praemissam
437 2506 586 2548 habet.
631 2506 752 2558 Quae
766 2505 1070 2558 inscriptiones
1085 2504 1381 2547 Hersfeldensi
1393 2503 1505 2545 libro
1519 2502 1734 2544 uindicari
1746 2508 1947 2555 possunt,

138 2586 244 2616 nam
264 2573 373 2617 illud
395 2574 503 2616 Item
525 2573 598 2614 uix
619 2572 880 2614 additicium
903 2585 993 2614 esse
1014 2578 1176 2624 potest,
1200 2584 1300 2612 cum
1321 2571 1367 2612 in
1389 2570 1555 2612 familia
1579 2583 1752 2622 quoque
1777 2565 1813 2609 X
1835 2575 1880 2610 et
1902 2567 1947 2609 in

141 2637 176 2683 B
196 2637 234 2682 V
252 2640 551 2684 inueniatur.²⁴

226 2773 255 2797 ¹⁹
268 2773 428 2809 Rbeton‘le
442 2772 501 2809 der
512 2772 674 2808 Griecm
689 2783 724 2808 u.
742 2772 865 2807 Romer
878 2783 914 2815 p.
929 2771 985 2807 35.

232 2830 262 2852 ⁸⁰
272 2829 362 2865 vide
379 2830 589 2865 Thes-aurum
603 2828 757 2872 Linguae
772 2828 915 2863 Latinae
930 2840 957 2863 s.
974 2839 1009 2863 u.

225 2885 252 2908 ¹¹
265 2883 356 2921 Vide
369 2895 476 2930 supra
490 2896 526 2929 p.
543 2884 598 2920 55.
715 2912 730 2931 ,

226 2941 253 2964 ⁸
264 2940 356 2977 Vide
368 2951 476 2985 supra
489 2951 525 2984 p.
544 2940 586 2976 ⁷5
601 2939 649 2975 ad
662 2938 754 2974 satti.

227 2997 257 3020 ²⁸
268 2996 358 3033 Vide
371 3006 480 3041 supra
493 3007 529 3040 p.
545 2996 604 3040 40;
619 3007 655 3040 p.
672 2995 714 3030 61
728 3006 782 3039 sq.

227 3052 256 3076 ’⁸
268 3052 313 3088 In
329 3051 463 3088 §nmilia
481 3050 511 3087 X
527 3050 838 3095 grammaticorum
855 3050 960 3087 index
975 3051 1110 3086 nullam
1126 3050 1389 3095 inscriptionem
1407 3050 1529 3092 habet;
1548 3049 1729 3084 rhetorum
1746 3047 1851 3083 index
1867 3057 1949 3082 ean-

138 3107 219 3144 dem
230 3112 340 3152 atque
350 3107 386 3143 in
406 3107 515 3151 stirpe
537 3118 573 3143 α,
620 3108 676 3142 De
687 3106 862 3142 indicibus
872 3106 909 3142 in
920 3106 1030 3150 stirpe
1040 3110 1064 3147 β
1075 3106 1157 3142 uide
1168 3105 1260 3142 infra
1270 3117 1306 3150 p.
1322 3106 1396 3140 116.
