2340 3840
379 375 443 408 140
706 374 774 408 DE
791 374 1084 409 FRAGMENTI
1101 374 1378 410 SVETONIAN
1379 375 1397 410 1
1412 375 1480 409 DE
1497 375 1843 411 GRAMMATICIS
2094 377 2172 419 [640

378 484 464 526 leui
481 490 716 536 momento,
735 484 853 537 quod
870 491 963 527 tam
980 485 1127 527 omitti
1144 498 1278 538 quam
1293 485 1398 527 addi
1413 492 1600 540 poterat.
1632 486 1775 529 Verba
1790 487 1839 528 de
1854 487 1946 528 iure
1962 487 2104 530 uerbis
2118 487 2171 529 de

377 551 613 592 soloecismo
637 557 935 604 opponuntur;
960 551 1049 603 sed,
1074 551 1110 592 si
1132 551 1240 593 illud
1262 550 1346 593 sibi
1367 551 1610 603 intercedit,
1635 559 1732 595 tota
1755 552 1821 594 uis
1844 553 1972 595 huius
1995 554 2170 607 opposi-

379 617 510 658 tionis
526 617 627 668 ruit,
645 630 785 670 neque
801 617 1018 660 sententia
1034 618 1253 670 aequabili
1266 618 1447 660 lenitate
1462 618 1653 671 profluit.
1700 619 1802 661 Non
1818 625 1966 661 tamen
1982 619 2171 663 alterum

380 683 611 725 uerborum
629 683 824 725 ordinem
841 684 912 726 sed
928 676 1024 736 sibi,
1042 684 1144 726 licet
1161 684 1197 726 is
1214 684 1258 726 in
1278 684 1571 727 Hersfeldensi
1588 685 1734 727 codice
1752 684 1883 728 fuisse
1901 685 2171 738 uideatur-‚²¹⁸

379 750 605 792 restituere
625 750 738 802 uolo,
760 763 860 792 cum
883 764 1032 792 sensus
1054 764 1229 804 prorsus
1253 752 1447 793 diuersus
1470 751 1549 793 fiat
1572 758 1617 794 et
1636 751 1765 793 nimis
1783 752 1842 794 sit
1861 751 2058 795 difficilis.
2109 754 2171 797 Vt

380 816 486 858 mihi
501 817 687 868 uidetur,
704 823 783 859 aut
797 818 880 859 sibi
895 824 945 859 ut
966 817 1245 871 interpolatio
1265 818 1528 860 reiciendum
1549 825 1628 869 est,
1650 825 1743 870 aut,
1766 818 1884 872 quod
1903 818 2171 872 probabilius

378 883 504 935 duc0,
537 883 576 925 ei
595 885 689 926 loco
709 896 839 936 quem
857 884 1073 926 sententia
1091 884 1360 937 apertissime
1378 884 1587 938 postulat,
1609 885 1650 926 h.
1672 900 1708 927 e.
1728 891 1832 927 ante
1850 883 2172 928 controuersiam

379 949 698 992 restituendum
719 956 798 992 est.
849 952 1013 992 Totum
1033 951 1178 993 locum
1199 951 1259 993 sic
1279 951 1392 1005 lego:
1413 951 1578 1004 quando
1598 965 1685 993 non
1707 956 1825 1004 putat
1844 951 1884 993 is
1904 965 1999 993 oum
2020 951 2168 993 aduer-

378 1017 490 1058 sario
508 1017 593 1057 de
574 1030 679 1067 iure,
698 1017 769 1058 sed
785 1017 835 1058 de
851 1018 1087 1060 soloecismo
1104 1018 1187 1059 sibi
1204 1019 1526 1059 controuersiam
1535 1018 1743 1071 suturam.

464 1083 594 1124 Nunc
619 1082 913 1125 examinemus
939 1096 1011 1125 eas
1036 1083 1242 1126 lectiones
1269 1097 1380 1137 quae
1405 1084 1450 1125 in
1485 1088 1512 1126 λ
1538 1084 1759 1125 communi
1784 1084 1983 1126 codicum
2010 1081 2049 1125 D
2076 1081 2112 1126 V
2138 1051 2170 1126 L

380 1149 619 1202 archetypo
646 1156 820 1191 exortae
848 1150 1068 1201 uidentur;
1059 1150 1118 1176 ³¹⁹
1145 1164 1330 1203 quarum
1357 1151 1435 1192 has
1463 1150 1640 1192 admisit
1669 1149 2050 1192 Reifferscheidus·
2077 1163 2115 1194 c.
2142 1153 2172 1192 4

377 1214 437 1268 (p.
460 1217 551 1267 103,
570 1213 675 1266 25)
655 1229 761 1267 iam3
780 1229 815 1258 c.
835 1218 888 1258 30
903 1215 963 1269 (p.
985 1218 1076 1268 126,
1095 1215 1135 1268 4)
1155 1217 1363 1269 adornate,
1389 1216 1447 1270 (p.
1471 1218 1562 1268 126,
1585 1215 1649 1268 13)
1668 1218 1751 1268 sui,
1780 1229 1891 1271 quae
1908 1216 2055 1260 omnia.
2069 1216 2171 1260 inde

380 1282 436 1323 ab
454 1281 565 1323 Aldo
581 1282 726 1323 locum
743 1282 961 1334 obtinent3
979 1296 1014 1324 c.
1036 1283 1086 1325 27
1103 1282 1163 1336 (p.
1186 1285 1276 1335 124,
1295 1281 1335 1335 3)
1354 1289 1390 1326 et
1406 1284 1605 1325 studium.
1637 1283 1765 1336 Quid,
1785 1284 1903 1337 quod
1919 1283 2036 1326 idem
2053 1283 2170 1326 Reif-

380 1347 657 1390 ferscheidius
691 1361 726 1390 c.
762 1350 811 1390 21
835 1348 895 1402 (p.
925 1350 1016 1401 116,
1044 1348 1080 1401 1)
1106 1350 1182 1391 ubi
1210 1350 1524 1392 Hersfeldensis
1551 1350 1659 1392 liber
1683 1354 1872 1404 Augusto
1899 1350 2024 1392 etiam
2051 1357 2170 1393 recte

380 1415 641 1466 testabatur,
667 1422 718 1457 ut
741 1415 1032 1468 corruptelam
1055 1421 1104 1467 et,
1130 1429 1242 1470 quae
1266 1417 1311 1458 in
1334 1418 1364 1461 λ
1387 1423 1537 1458 exorta
1560 1423 1640 1467 est,
1666 1417 1884 1467 retineret,
1913 1421 1951 1458 et
1977 1417 2166 1470 Augusto

379 1481 568 1522 scribens
588 1481 969 1534 interpolationem
988 1481 1261 1524 introducere
1281 1496 1369 1524 non
1390 1483 1630 1525 dubitauit!
1682 1484 1730 1525 C.
1753 1484 1781 1524 4
1798 1481 1858 1536 (p.
1877 1484 1969 1534 103,
1982 1479 2023 1535 8)
2036 1481 2171 1525 etiam

379 1547 594 1601 diligenter
611 1548 786 1601 aliquid,
805 1549 923 1601 quod
939 1548 984 1590 in
1001 1546 1037 1590 V
1054 1554 1098 1591 et
1115 1545 1147 1590 L
1163 1549 1265 1591 solis
1281 1549 1515 1600 inuenitur,
1533 1562 1613 1602 pro
1630 1549 1791 1603 aliquid
1807 1550 2023 1603 diligenter
2038 1549 2170 1602 scrip-

380 1615 451 1656 sit.
498 1616 618 1666 Quae
641 1622 790 1657 autem
813 1616 939 1657 huius
962 1616 1046 1657 loci
1068 1617 1180 1658 ratio
1203 1617 1404 1659 habenda
1426 1617 1497 1668 sit,
1514 1617 1727 1670 siquidem
1751 1617 1912 1670 aliquid
1934 1617 1979 1658 in
2002 1613 2036 1658 B
2059 1623 2104 1658 et
2129 1614 2168 1657 D

380 1681 612 1732 omittitur,
634 1695 764 1735 supra
787 1681 847 1735 (p.
874 1681 967 1733 128)
992 1684 1175 1725 ostendi.

464 1748 500 1787 E
529 1755 739 1799 quattuor
765 1748 893 1789 huius
919 1748 1066 1801 stirpis
1093 1749 1313 1790 codicibus
1336 1749 1444 1790 duos
1467 1749 1580 1790 solos
1602 1746 1638 1790 V
1660 1754 1706 1791 et
1728 1745 1760 1789 L
1782 1754 1968 1791 nouerat
1991 1747 2170 1790 Reiffer-

379 1813 610 1864 scheidius;
636 1811 672 1855 V
696 1821 845 1856 autem
870 1821 915 1857 et
940 1815 1129 1857 Pontani
1153 1815 1345 1857 codicem
1365 1829 1388 1857 e
1408 1815 1628 1857 communi
1646 1815 1898 1868 archetypo,
1919 1814 2037 1868 quod
2056 1821 2171 1857 esset

378 1879 522 1932 ipsum
538 1878 822 1933 apographon
839 1881 930 1922 eius
946 1882 1094 1923 libri²²⁰
1109 1896 1132 1924 e
1149 1895 1237 1935 quo
1253 1895 1402 1924 omnes
1419 1881 1586 1924 codices
1602 1881 1920 1935 profluxissent,
1938 1878 2169 1934 transcrip-

379 1951 449 1988 tos
469 1960 560 1988 esse
581 1947 873 1990 existimabat.
926 1949 1056 1990 Nunc
1078 1948 1315 1991 Bodleiano
1333 1946 1401 2000 (Β)
1424 1955 1469 1990 et
1491 1947 1732 1990 Hauniensi
1749 1945 1822 1999 (D)
1845 1947 1890 1989 in
1910 1947 2052 1989 lucem
2070 1959 2169 2000 pro-

379 2012 479 2054 latis
499 2026 587 2055 non
606 2014 768 2066 poteris
788 2027 876 2056 non
896 2014 1022 2056 aliter
1043 2015 1095 2057 de
1115 2015 1335 2057 codicibus
1355 2012 1390 2056 V
1410 2022 1455 2057 et
1475 2012 1507 2056 L
1526 2014 1729 2056 iudicare.
1780 2015 1911 2066 Nam,
1932 2013 2105 2056 etiamsi
2122 2013 2168 2055 in

379 2079 460 2120 hoc
478 2080 717 2132 perstiteris
736 2093 1011 2123 communem
1028 2088 1256 2134 parentem
1272 2081 1481 2124 librorum
1510 2078 1544 2122 B
1565 2079 1604 2122 D
1623 2078 1659 2123 V
1678 2078 1710 2122 L
1728 2094 1814 2122 non
1834 2094 1858 2122 e
1875 2076 2077 2123 codice-Y
2092 2079 2170 2122 sed

378 2159 429 2186 ex
446 2145 541 2198 ipso
559 2146 853 2189 Hersfeldensi
869 2161 960 2189 esse
979 2148 1305 2201 transcriptum,
1324 2148 1502 2190 infitiari
1519 2161 1607 2189 non
1623 2146 1788 2201 poteris
1806 2146 1995 2189 Pontani
2010 2146 2169 2189 librum

379 2218 423 2253 et
448 2209 484 2253 V
509 2226 597 2253 non
624 2214 793 2255 duobus
818 2215 894 2255 sed
920 2214 1059 2256 tribus
1085 2214 1290 2267 gradibus
1315 2215 1372 2256 ab
1399 2214 1693 2257 Hersfeldensi
1717 2219 1908 2256 remotos
1932 2225 2037 2255 esse.
2093 2212 2168 2254 Sin

375 2285 539 2330 autem,
562 2286 614 2321 ut
636 2280 777 2331 credo,
801 2280 907 2322 satis
930 2281 1227 2323 demonstraui
1247 2281 1415 2323 codices
1442 2278 1476 2322 B
1499 2278 1539 2322 D
1561 2278 1597 2322 V
1618 2277 1651 2322 L
1676 2280 1816 2322 eidem
1842 2279 2032 2321 familiae
2058 2278 2167 2321 refe-

375 2345 530 2387 rendos
546 2359 637 2387 esse
652 2346 723 2387 cui
738 2359 886 2388 omnes
901 2354 1073 2400 praeter
1086 2345 1124 2388 Ο
1137 2345 1203 2399 W,
1217 2347 1405 2389 Pontani
1420 2348 1613 2390 codicem
1628 2354 1672 2389 et
1690 2345 1724 2389 V
1740 2352 1950 2399 quattuor
1965 2344 2170 2399 gradibus

376 2411 432 2452 ab
459 2412 753 2454 Hersfeldensi
775 2421 964 2455 remotos
988 2414 1095 2455 satis
1119 2421 1307 2456 constat.
1362 2414 1476 2466 Quid
1500 2414 1619 2466 quod
1643 2413 1835 2466 quadam
1857 2411 2169 2466 probabilitate

376 2477 663 2520 demonstrari
694 2485 842 2532 potest
877 2480 955 2521 hos
989 2480 1097 2521 duos
1126 2481 1293 2523 codices
1322 2483 1377 2522 ab
1408 2479 1700 2522 Hersfeldensi
1739 2492 1826 2521 non
1855 2484 2065 2531 quattuor
2093 2478 2169 2519 sed

376 2544 567 2597 quinque
583 2545 742 2598 gradus
758 2545 919 2587 distare
932 2546 986 2588 1²²¹
1031 2548 1090 2588 Vt
1105 2548 1163 2588 ad
1178 2547 1383 2588 lectiones
1399 2546 1598 2588 codicum
1614 2544 1653 2587 D
1671 2543 1705 2587 V
1721 2543 1754 2587 L
1768 2545 1964 2598 proprias
1980 2544 2169 2596 redeam,

375 2611 412 2652 si
430 2610 591 2652 eisdem
609 2611 713 2652 locis
732 2612 866 2653 codex
890 2609 924 2652 B
950 2626 1049 2653 cum
1069 2613 1220 2654 ceteris
1238 2613 1357 2654 libris
1377 2613 1497 2664 facit,
1518 2612 1763 2654 cauendum
1781 2618 1847 2654 est
1865 2624 1919 2653 ne
1938 2611 2016 2652 has
2034 2609 2166 2663 scrip-

377 2683 498 2717 turas
525 2677 763 2730 archetypo
790 2682 831 2729 β,
870 2678 1031 2719 nedum
1060 2679 1197 2720 codici
1225 2677 1260 2720 Y
1287 2680 1356 2721 uel
1383 2680 1493 2721 libro
1522 2678 1828 2729 Hersfeldensi,
1858 2677 2167 2719 attribuamus.

379 2747 520 2798 Quare
539 2746 621 2789 hae
639 2747 859 2799 lectiones,
873 2749 955 2789 nisi
974 2748 1079 2800 quid
1092 2749 1149 2790 ad
1168 2756 1337 2791 textum
1356 2756 1597 2791 ceterorum
1615 2748 1813 2790 codicum
1832 2746 2062 2789 manifesto
2079 2758 2170 2788 cor-

378 2822 556 2869 ruptum
573 2817 818 2858 sanandum
835 2817 1052 2870 adferunt,
1066 2818 1194 2870 plane
1210 2819 1483 2860 damnandae
1501 2826 1616 2860 sunt.
1666 2818 1749 2860 Sed
1767 2830 1915 2859 earum
1931 2816 2169 2858 lectionum

466 2949 507 2971 ²¹⁸
518 2949 645 2984 Nescio
658 2960 749 2992 quae
759 2949 980 2992 perturbatio
992 2949 1057 2985 hoc
1071 2950 1146 2985 loco
1159 2951 1195 2985 in
1208 2951 1445 2986 Hersfeldensi
1458 2956 1546 2994 erat,
1560 2962 1640 2985 cum
1653 2951 1690 2985 in
1703 2949 1836 2985 familia
1850 2946 1880 2983 Χ
1892 2948 2001 2984 uerba
2014 2946 2171 2991 proxime

377 3004 621 3046 praecedentia
632 3015 708 3039 cum
719 3005 914 3040 aduersario
924 3005 965 3039 de
975 3005 1049 3040 iure
1060 3006 1235 3041 deficiant.

464 3063 504 3085 ²¹⁰
517 3063 605 3098 Vide
617 3074 722 3106 supra
733 3075 769 3107 p.
786 3064 848 3098 122
865 3074 917 3106 sq,

467 3122 508 3143 ²²⁰
519 3122 624 3156 Hunc
637 3121 766 3157 librum
778 3133 849 3157 non
864 3122 970 3157 fuisse
983 3122 1098 3166 ipsum
1112 3124 1404 3166 Hersfeldensem,
1419 3124 1480 3159 sed
1494 3124 1568 3158 eius
1582 3123 1806 3166 apographon
1821 3121 1867 3156 ab
1882 3119 2004 3155 Enoch
2019 3120 2169 3154 Romam

378 3181 596 3219 reportatum
607 3176 744 3212 censuit
755 3177 1068 3213 Reifferscheidius.
1115 3179 1203 3214 Vide
1215 3190 1320 3222 supra
1331 3190 1366 3222 p.
1382 3179 1435 3214 71.

466 3236 503 3258 ¹²¹
516 3235 604 3270 Vide
618 3247 723 3278 supra
737 3246 773 3279 p.
793 3236 855 3270 129
878 3247 930 3279 sq.
