2340 3840
402 307 445 342 82
733 307 801 341 DE
817 306 1110 341 FRAGMENTI
1125 306 1420 342 SVETONIANI
1435 306 1502 340 DE
1520 306 1864 342 GRAMMATICIS
2110 307 2186 350 [⁵82

407 426 501 460 tum
517 418 678 460 fuerat:
695 431 788 460 cum
804 430 853 459 ex
870 418 1051 459 oratione
1075 419 1214 460 Tiberi
1238 419 1409 459 uerbum
1434 418 1853 470 reprehendisset.’'1³⁸
1897 418 2019 461 Licet
2045 418 2186 462 forma

413 485 603 526 Tiberius
620 484 849 526 manifesto
867 491 1070 536 corrupta
1086 484 1253 537 sit,.ego
1269 484 1387 526 haud
1405 484 1564 526 dubito
1582 484 1686 536 quin
1701 483 1829 526 lectio
1847 484 2003 536 duplex
2017 485 2189 527 tiberius

408 552 594 594 uerbum:
619 551 811 593 tiberium
836 550 881 591 in
907 550 1199 592 Hersfeldensi
1224 550 1430 601 extiterit,
1457 563 1563 592 uera
1588 557 1736 592 autern
1761 550 1888 592 lectio
1914 565 1937 592 e
1962 551 2128 594 familia
2154 547 2190 593 X

409 617 676 659 restituenda
692 617 762 659 sit.
809 618 962 669 Neque
980 617 1213 669 quicquam
1230 617 1381 658 melius
1399 617 1502 658 noui
1519 629 1651 669 quam
1669 616 1869 669 Maduigi
1884 617 2189 668 coniecturam,

410 696 542 736 quam
565 683 730 725 Rolfius
752 684 885 725 etiam
907 683 951 724 in
973 689 1225 725 contextum
1246 683 1447 736 suscepit.

430 770 433 772 >
494 750 544 791 C.
561 750 612 791 23
629 748 688 802 (p.
709 748 801 801 117,
821 747 885 801 14)
905 746 957 790 W
973 749 1088 790 solus
1104 762 1200 791 eam
1215 749 1401 790 formam
1417 762 1527 802 quae
1543 749 1588 789 in
1605 748 1897 790 Hersfeldensi
1911 749 2020 791 libro
2044 762 2090 792 se
2114 749 2190 792 ha-

410 816 531 858 beret
548 822 768 868 praestare
788 815 894 857 mihi
913 815 1099 857 uidetur.
1148 815 1303 868 Agitur
1323 816 1374 857 de
1394 815 1526 856 uerbo
1547 815 1664 867 quod
1683 814 1812 867 uulgo
1834 821 2016 869 porsessa
2033 815 2190 858 editur.

411 902 463 945 W
485 904 661 957 percisse
682 910 887 955 testatur3
911 901 949 945 0
973 901 1005 945 L
1027 901 1064 945 U
1085 905 1331 956 pepercisse3
1355 900 1393 944 D
1418 900 1460 944 H
1481 907 1514 944 Δ
1535 904 1734 956 parsisse;
1756 899 1791 944 V
1813 869 2018 956 parassx
2037 920 2069 945 ω
2089 909 2187 956 par·

411 971 527 1012 cisse.
581 970 827 1013 Perfectum
851 970 1016 1023 peperci-
1040 970 1179 1012 solum
1204 970 1383 1011 adhibet
1411 969 1640 1011 Suetonius
1665 976 1777 1012 teste
1801 969 2008 1011 Ihmio.¹⁸⁰
2060 969 2192 1012 Haud

411 1037 593 1078 dubium
619 1036 724 1078 mihi
749 1037 922 1078 uidetur
948 1036 1052 1089 quin
1076 1039 1253 1089 percisse
1279 1050 1329 1077 ex
1355 1037 1585 1089 pepercisse
1611 1042 1862 1088 corruptum
1886 1036 1931 1077 in
1955 1035 2192 1089 archetypo

413 1103 555 1145 locum
576 1103 826 1154 obtinuerit,
848 1109 982 1156 atque
1010 1103 1340 1155 <pe>percisse
1361 1102 1679 1144 restituendum
1699 1102 1770 1153 sit,
1793 1102 1910 1154 quod
1930 1101 2064 1144 etiam
2083 1101 2192 1144 iudi-

411 1170 529 1211 cauit
574 1170 753 1211 Ihmius.
828 1170 1031 1211 Formam
1070 1170 1245 1221 percisse
1281 1182 1356 1222 per
1406 1168 1759 1220 compendium¹⁴¹⁰
1806 1168 1851 1209 in
1901 1167 2192 1210 Hersfeldensi

411 1236 520 1277 libro
549 1236 740 1277 extitisse
767 1242 891 1288 puto,
923 1236 1040 1288 quod
1067 1235 1291 1276 librarium
1320 1231 1355 1275 Y
1384 1235 1492 1276 falso
1521 1234 1566 1275 in
1595 1235 1777 1286 paroisse
1813 1234 1964 1276 eodem
1999 1240 2192 1288 tempore

412 1302 759 1343 emendationem
782 1302 834 1343 de
857 1315 935 1343 suo
958 1302 1140 1354 parsisse
1161 1308 1477 1354 proponentem
1499 1301 1793 1353 explicauisse3
1818 1313 2084 1354 quamquam
2105 1313 2192 1343 non

412 1368 581 1409 infiteor
597 1368 730 1409 talem
744 1368 939 1409 lectionis
955 1368 1213 1409 uarietatem
1228 1368 1272 1408 in
1288 1368 1381 1420 ipso
1398 1367 1689 1409 Hersfeldensi
1703 1381 1748 1408 se
1763 1367 1921 1408 habere
1934 1366 2192 1419 potuissem

497 1435 546 1475 C.
565 1435 619 1476 30
634 1433 693 1487 (ρ.
715 1434 807 1485 127,
829 1432 866 1485 1)
886 1434 1051 1476 familia
1070 1431 1106 1475 X
1123 1447 1222 1475 cum
1240 1434 1339 1474 solis
1357 1431 1391 1474 B
1410 1431 1448 1474 D
1468 1447 1615 1474 ueram
1632 1433 1891 1485 scripturam
1907 1431 2194 1475 excanduisse't

411 1501 505 1541 ut14²
523 1500 708 1542 exhibet.
785 1501 898 1541 Cum
915 1498 949 1541 Β
964 1498 1002 1541 D
1016 1514 1042 1542 a
1055 1501 1205 1542 ceteris
1218 1513 1319 1541 suae
1331 1500 1520 1541 familiae
1533 1500 1798 1541 discedentes
1808 1499 1922 1558 *hanc
1935 1499 2194 1552 scripturam

413 1567 660 1618 ostendant,
710 1573 943 1620 utrumque
978 1567 1224 1608 coniectura
1258 1579 1355 1608 eam
1389 1572 1635 1607 assecutum
1669 1565 1933 1607 existimo.1⁴⁸
1982 1566 2035 1606 In
2068 1565 2193 1607 fami-

411 1633 468 1674 lia
494 1639 643 1674 autem
672 1630 707 1673 X
727 1633 833 1674 haec
852 1633 992 1674 forma
1013 1647 1063 1674 ex
1082 1633 1175 1685 ipso
1197 1632 1488 1674 Hersfeldensi
1508 1632 1750 1673 manauisse
1771 1632 1957 1682 uidetur,
1977 1631 2191 1685 siquidem

412 1707 524 1741 teste
546 1699 805 1740 Decembrio
827 1700 1111 1740 excanduisset
1132 1704 1177 1740 ut
1198 1699 1243 1740 in
1264 1699 1337 1740 illo
1359 1699 1551 1740 extabat.
1595 1698 1692 1740 Alia
1715 1711 1887 1751 quoque
1909 1704 1974 1740 est
1996 1698 2078 1740 hoc
2097 1698 2192 1740 loco

412 1766 655 1818 corruptela
679 1779 811 1819 quam
835 1765 1023 1807 Rothius
1047 1766 1202 1818 copula
1221 1770 1257 1806 et
1280 1772 1382 1807 ante
1401 1766 1463 1806 ita
1483 1765 1682 1818 suppleta
1703 1771 1817 1806 recte
1837 1764 2056 1806 sanauisse
2075 1763 2194 1806 uide-

413 1832 551 1873 tur.¹⁴⁴

497 1899 544 1939 C.
570 1899 619 1939 18
638 1896 696 1950 (p.
722 1899 813 1949 114,
835 1896 877 1949 5)
899 1898 1109 1939 familiam
1132 1895 1167 1938 X
1186 1897 1497 1950 mimographus
1517 1897 1790 1938 exhibentem
1809 1896 2042 1950 genuinam
2061 1895 2192 1949 scrip-

412 1971 556 2006 turam
586 1965 791 2017 praebere
820 1978 1074 2017 persuasum
1105 1965 1258 2006 habeo.
1321 1964 1526 2005 Familiae
1558 1960 1593 2004 Y
1623 1963 1790 2004 codices
1819 1970 1991 2016 praeter
2022 1959 2055 2004 C
2084 1966 2118 2004 A
2153 1959 2192 2010 Q

411 2032 716 2084 mimographos
737 2029 1021 2084 (mimografos
1042 2028 1097 2081 U)
1121 2031 1360 2083 proferunt,
1383 2037 1427 2071 et
1448 2030 1508 2071 sic
1529 2030 1658 2083 uulgo
1679 2030 1835 2071 editur.
1878 2026 1910 2070 C
1930 2031 1963 2070 Δ
1989 2025 2028 2076 Q
2043 2035 2193 2071 autem

410 2098 710 2150 mimographis
728 2095 1032 2150 (minographis
1051 2101 1083 2138 Δ
1106 2094 1163 2147 Q)
1186 2103 1417 2138 testantur.
1455 2097 1730 2149 Quamquam
1748 2096 1794 2137 hi
1811 2102 1898 2137 tres
1914 2095 2014 2136 libri
2030 2095 2193 2137 leuissi-

411 2177 482 2204 ma
505 2170 608 2205 sunt
631 2164 907 2214 auctoritate,
932 2163 1004 2204 uix
1026 2163 1208 2205 fortuito
1231 2163 1434 2204 accidisse
1458 2163 1644 2213 uidetur,
1668 2169 1718 2203 ut
1741 2162 2052 2215 mimographis,
2076 2161 2194 2214 quod

411 2230 549 2271 multo
577 2230 745 2271 facilius
773 2244 823 2271 ex
851 2231 1162 2283 mimographus
1191 2243 1323 2282 quam
1351 2243 1402 2271 ex
1429 2230 1733 2282 mimographos
1761 2227 1978 2281 corrumpi
2003 2234 2191 2281 poterat,

498 2328 540 2350 ¹⁸⁸
552 2327 685 2362 Eadem
711 2332 898 2366 narrantur
932 2327 1028 2370 apud
1065 2327 1224 2362 Cassium
1262 2326 1412 2362 Dionem
1439 2327 1539 2363 LVII
1556 2325 1609 2370 17,
1637 2326 1730 2361 unde
1757 2325 1923 2361 continuo
1950 2329 2099 2369 apparet
2123 2334 2195 2360 non

409 2382 589 2417 Tiberium
616 2382 732 2426 ipsum
758 2382 1017 2426 reprehendisse
1044 2383 1253 2417 Marcellum
1280 2382 1342 2417 sed
1369 2382 1516 2417 uerbum
1543 2381 1722 2424 quoddam
1747 2381 1862 2416 minus
1886 2380 2054 2416 Latinum
2079 2379 2126 2415 ab
2152 2391 2194 2415 eo

410 2443 630 2480 usurpatum.

498 2494 538 2516 ¹³⁹
550 2494 614 2535 Op.
628 2494 695 2536 cit„
709 2504 744 2536 p.
759 2493 822 2528 551
838 2493 884 2528 ad
897 2493 957 2528 fin.

498 2548 539 2570 ¹⁴⁰
550 2547 638 2583 Vide
651 2559 757 2591 supra
770 2559 806 2591 p.
822 2548 866 2583 63
881 2547 963 2583 adn.
978 2548 1035 2583 49.

499 2604 538 2626 ¹⁴³
550 2603 693 2646 Aliquid
707 2603 818 2638 simile
832 2614 863 2638 c.
882 2604 922 2638 18
935 2602 985 2647 (p.
1004 2603 1078 2646 114,
1094 2600 1130 2644 6)
1146 2602 1298 2638 uidetur.
1343 2601 1387 2637 W
1400 2601 1452 2644 (=
1461 2601 1488 2637 C
1506 2600 1548 2644 P)
1564 2602 1710 2645 per-cula,
1726 2602 1822 2645 quod
1836 2601 2027 2645 archetypo
2041 2600 2192 2644 uindico,

410 2658 566 2701 praebet.
610 2659 710 2693 Idem
719 2659 866 2694 uerbum
875 2658 1118 2702 compendiose
1125 2658 1263 2701 percula
1274 2658 1311 2692 in
1325 2656 1357 2692 Ο
1374 2656 1416 2692 Μ
1428 2655 1461 2692 Κ
1471 2656 1507 2692 Η
1520 2657 1710 2700 inuenitur;
1723 2657 1760 2692 in
1772 2655 1806 2692 N
1817 2655 1876 2691 GI
1887 2655 1920 2691 D
1929 2655 1959 2691 V
1968 2654 1996 2690 L
2009 2654 2042 2696 Q
2054 2655 2195 2699 porculo

411 2713 547 2756 legitur.
592 2717 620 2748 Δ
634 2713 727 2748 solus
740 2725 860 2748 ueram
873 2713 1082 2757 scripturam
1094 2714 1233 2756 pergula
1245 2713 1444 2747 coniectura
1457 2717 1636 2748 assecutus
1654 2717 1721 2755 est;
1740 2712 1890 2755 pericada
1907 2711 1945 2746 in
1964 2710 2008 2754 B;
2027 2710 2127 2746 omis.
2149 2708 2194 2746 U.

500 2770 540 2790 ¹⁴²
551 2769 738 2811 Perperam
752 2769 843 2803 hanc
858 2769 1042 2804 lectionem
1057 2768 1168 2803 codici
1182 2767 1201 2803 1
1215 2768 1380 2803 attribuit
1395 2768 1707 2803 Reifferscheidius.

500 2825 542 2846 ¹⁴³
554 2824 642 2858 Vide
655 2824 747 2858 infra
760 2835 796 2867 p.
814 2825 889 2859 124.

500 2879 542 2901 ¹⁴⁴
555 2879 610 2913 Sic
627 2879 738 2913 edidit
754 2879 921 2914 Rothius:
942 2890 1018 2913 cum
1035 2879 1217 2913 cohiberent
1233 2878 1362 2913 lictores
1378 2878 1506 2913 nimias
1521 2878 1734 2927 laudamium
1751 2888 1856 2920 uoces,
1881 2881 1987 2914 <et>
2007 2877 2059 2911 ita
2074 2887 2193 2911 excave-

412 2934 548 2968 duisset.
594 2934 751 2969 Eandem
771 2934 980 2969 emendandi
999 2934 1171 2969 rationem
1189 2938 1329 2968 secutus
1348 2938 1402 2968 est
1421 2933 1451 2968 is
1469 2933 1530 2976 qui
1548 2933 1676 2968 codicis
1694 2931 1722 2966 B
1741 2932 1971 2975 archetypum
1987 2931 2083 2972 (uide
2100 2930 2192 2966 infra

413 3001 448 3032 p.
467 2986 543 3030 122)
558 2989 718 3031 confecit,
735 2989 797 3032 qui
811 3001 874 3032 pro
890 3001 985 3023 uoces
1000 2990 1050 3024 ita
1065 2989 1292 3023 excanduisset
1308 2988 1445 3031 scripsit
1460 2999 1556 3023 uoces
1570 2993 1600 3023 et
1615 2988 1852 3022 excanduisset.
1897 2985 2192 3028 Reifferscheidio‚

412 3055 457 3079 ne
468 3044 555 3079 illud
567 3049 596 3078 et
608 3044 764 3086 adderet,
777 3044 971 3086 grauiorem
983 3044 1287 3087 interpolationem
1300 3054 1322 3078 a
1335 3044 1512 3086 Stephano
1524 3043 1636 3086 primo
1648 3042 1874 3086 propositam,
1887 3041 2013 3077 deinde
2024 3052 2047 3076 a
2060 3041 2191 3076 Casau-

412 3099 505 3134 bono
519 3099 749 3141 omnibusque
763 3099 989 3142 sequentibus
1003 3104 1087 3134 ante
1099 3099 1278 3133 Trossium
1293 3099 1436 3142 editam,
1446 3110 1521 3133 cum
1536 3099 1700 3133 cohibente
1713 3098 1824 3132 lictore
1838 3097 1966 3132 nimias
1978 3096 2192 3131 laudantium

412 3165 508 3189 uoces
520 3155 570 3189 ita
584 3154 822 3197 excanduisset,
836 3154 1040 3189 resuscitare
1053 3155 1167 3189 uisum
1181 3158 1246 3189 est.
