2340 3840
1149 771 1343 813 CAPVT
1362 773 1434 813 ΙΙΙ

658 934 662 940 .
1049 882 1122 922 DE
1143 883 1351 923 FAMILns
1374 879 1410 923 X
1430 894 1486 923 ΕΤ
1506 879 1541 924 Y

614 947 669 987 IN
691 957 779 994 Qvo
800 958 889 988 nvo
910 948 1286 989 HERSFELDENSIS
1309 949 1493 990 Comcrs
1514 960 1668 990 rvrssn
1689 950 1972 991 APOGRAPHA

609 1008 644 1052 X
663 1024 720 1053 m·
747 1009 792 1063 Y,
814 1024 961 1060 ATQVE
982 1025 1044 1054 Ex
1064 1015 1343 1056 APOGRAPHO
1373 1011 1408 1055 X
1428 1015 1625 1056 ComcEs
1644 1012 1682 1056 Ο
1702 1012 1767 1066 W,
1790 1026 1852 1056 Ex
1871 1016 1986 1056 Aro-

638 1090 816 1120 GRAPno
837 1091 992 1120 AVTEM
1017 1076 1052 1120 Υ
1071 1091 1233 1122 CETERI
1256 1081 1452 1122 Comens
1474 1093 1627 1122 OMNES
1648 1092 1952 1123 Pnortvxrssr:

1095 1158 1491 1189 DEMONSTRANTVR

396 1255 438 1294 ,1.
498 1254 756 1296 LacrroNEs
772 1266 1050 1297 PEcvuAREs
1066 1267 1319 1304 vrmvsovr:
1337 1258 1577 1308 FAMILIAE‚
1596 1269 1686 1299 Nnc
1703 1269 1800 1299 N0N
1817 1269 1874 1299 m
1891 1267 2187 1299 smovmnvx

863 1322 1073 1363 ConrcVM
1094 1319 1131 1364 Ο
1155 1320 1207 1364 W
1226 1323 1426 1364 TABvus
1447 1335 1745 1380 ExmBEern

489 1408 616 1450 Nunc
645 1409 701 1449 ad
738 1423 895 1450 nexum
923 1423 1052 1462 quem
1079 1410 1245 1452 codices
1273 1411 1410 1452 nostri
1437 1411 1548 1453 inter
1585 1424 1630 1453 se
1657 1411 1860 1454 exhibent
1897 1410 2187 1453 enarrandum

407 1482 591 1517 transeo.
655 1474 807 1518 Libros
840 1476 1111 1530 undeuiginti
1144 1477 1219 1531 qui
1250 1484 1441 1520 aetatem
1474 1478 1680 1530 tulerunt,
1715 1478 1790 1532 qui
1822 1478 1892 1521 uel
1923 1477 2083 1520 cursim
2114 1491 2187 1522 eos

404 1540 744 1593 perlustrauerit,
772 1541 817 1582 in
846 1548 1054 1595 quattuor
1081 1543 1234 1584 classes
1262 1543 1333 1586 uel
1359 1543 1529 1586 ordines
1557 1544 1846 1598 disponendos
1873 1541 1999 1586 facile
2024 1542 2186 1586 iudica-

405 1605 484 1648 bit.
550 1607 742 1659 Quarum
777 1607 978 1649 classium
1013 1622 1100 1650 una
1133 1608 1265 1651 libros
1301 1610 1648 1652 Ottobonianum
1687 1611 1790 1652 1455
1827 1607 1905 1661 (O)
1943 1616 1988 1652 et
2022 1609 2184 1652 Vindo-

405 1673 638 1714 bonensem
662 1672 737 1715 711
761 1671 868 1725 (W),
891 1675 1028 1716 altera
1049 1675 1390 1728 Neapolitanum
1411 1676 1480 1718 uel
1501 1676 1811 1718 Farnesianum
1831 1673 1909 1727 (N)
1935 1675 2186 1718 Gudianum

406 1735 483 1789 (G)
516 1739 777 1781 Vaticanum
803 1741 907 1782 1518
938 1737 1011 1792 (1),
1043 1741 1172 1783 tertia
1191 1749 1340 1784 autem
1364 1742 1649 1784 Bodleianum
1679 1740 1750 1794 (B)
1784 1742 2081 1784 Hauniensem
2102 1739 2180 1793 (D)

407 1805 667 1847 Vaticanum
708 1807 811 1847 1862
851 1804 922 1857 (V)
962 1807 1215 1850 Leidensem
1253 1808 1582 1850 Perizonianum
1619 1806 1704 1860 (L),
1745 1815 1902 1862 quarta
1938 1808 2073 1851 etiam
2109 1821 2183 1850 eos

408 1871 574 1913 codices
591 1885 698 1925 quos
715 1872 817 1913 uiris
835 1873 1092 1915 doctissimis
1108 1874 1239 1916 libros
1256 1874 1485 1916 deteriores
1502 1875 1724 1917 nominare
1739 1875 1918 1927 placuit,
1935 1874 2033 1917 dieo
2048 1875 2184 1917 Vene-

408 1946 503 1979 tum
530 1938 804 1980 Marcianum
829 1937 914 1990 (M)
945 1940 1314 1983 Mediolanensem
1340 1941 1674 1983 Ambrosianum
1697 1938 1772 1992 (K)
1801 1940 2083 1983 Harleianum
2105 1937 2184 1992 (Η)

408 2004 648 2045 Parisinum
682 2002 749 2056 (P)
778 2006 1032 2048 Vrbinatem
1065 2004 1136 2057 (U)
1165 2007 1492 2060 Phillipsianum
1530 2008 1961 2050 Cheltenhamensem
1993 2003 2062 2058 (C)
2090 2006 2185 2049 Flo-

407 2071 625 2113 rentinum
649 2072 990 2115 Laurentianum
1014 2071 1082 2125 (F)
1111 2074 1372 2116 Vaticanum
1396 2076 1505 2116 4498
1529 2073 1598 2126 (Δ)
1627 2074 1946 2117 Berolinensem
1968 2070 2051 2126 (Q)
2077 2073 2184 2117 alte-

406 2151 502 2179 rum
523 2138 863 2191 Neapolitanum
882 2136 967 2191 (S),
989 2140 1303 2194 complectitur.
1357 2140 1695 2194 Impeditissima
1715 2147 1864 2183 tamen
1889 2146 1956 2183 est
1982 2139 2183 2194 quaestio

406 2217 621 2257 quaenam
646 2204 703 2246 sit
729 2205 1000 2247 necessitudo
1024 2205 1137 2248 inter
1162 2206 1240 2249 has
1267 2213 1476 2261 quattuor
1501 2207 1669 2258 classes,
1697 2213 1845 2249 utrum
1871 2219 1959 2248 una
1985 2218 2184 2260 quaeque
2216 2224 2218 2226 ·

405 2276 523 2311 recta
542 2270 615 2312 uia
633 2283 660 2312 a
679 2271 830 2313 ceteris
849 2284 937 2313 non
955 2272 1147 2325 pendens
1167 2287 1190 2315 e
1208 2272 1318 2315 libro
1339 2273 1629 2315 Hersfeldensi
1649 2279 1769 2315 ortus
1790 2273 1936 2324 ducat,
1957 2285 2015 2315 an
2034 2271 2184 2326 aliqua

404 2336 538 2378 artior
554 2336 827 2380 necessitudo
841 2337 957 2381 inter
974 2338 1081 2381 duas
1099 2338 1169 2381 uel
1185 2345 1275 2381 tres
1291 2339 1445 2381 classes
1462 2339 1659 2393 indagari
1674 2339 1825 2392 possit,
1844 2338 1958 2381 unde
1974 2337 2186 2382 efficiatur

404 2408 455 2444 ut
481 2403 620 2444 nostri
646 2403 814 2445 codices
840 2417 928 2446 non
956 2419 979 2446 e
1007 2411 1217 2458 quattuor
1243 2406 1403 2448 codicis
1432 2405 1743 2448 Hersfeldensis
1770 2403 2031 2459 apographis
2057 2404 2134 2447 sed
2161 2418 2186 2447 e

405 2467 574 2510 duobus
600 2469 670 2510 uel
695 2469 834 2511 tribus
860 2471 1067 2524 originem
1094 2472 1286 2514 trahant.
1339 2472 1454 2513 Mihi
1479 2472 1646 2514 codices
1672 2477 1842 2514 nostros
1867 2470 2026 2514 iterum
2050 2476 2185 2524 atque

402 2534 560 2576 iterum
580 2534 807 2588 diligenter
825 2537 1119 2589 perlustranti,
1139 2537 1429 2591 lectionesque
1449 2538 1684 2591 peculiares
1703 2537 1830 2579 unius
1850 2537 2058 2589 cuiusque
2075 2535 2184 2580 alias

403 2599 498 2642 aliis
517 2600 769 2653 conferenti,
788 2601 860 2643 illa
882 2603 1027 2644 classis
1049 2616 1159 2657 quae
1178 2603 1311 2645 libros
1334 2601 1371 2645 Ο
1395 2601 1447 2645 W
1468 2603 1772 2657 complectitur
1790 2603 1854 2645 ita
1875 2609 1972 2646 tota
1990 2601 2136 2645 indole
2155 2614 2183 2644 a

403 2667 555 2708 ceteris
579 2667 762 2719 differre,
787 2675 966 2722 tamque
990 2669 1138 2711 multis
1161 2669 1265 2711 locis
1290 2670 1542 2712 memoriam
1565 2669 1664 2711 libri
1688 2667 2014 2720 Hersfeldensis,
2039 2667 2116 2710 ubi
2137 2667 2184 2710 in

402 2733 554 2774 ceteris
570 2736 798 2787 tamquam
810 2735 968 2777 amissa
982 2735 1053 2786 sit,
1070 2749 1270 2778 reuocare
1284 2736 1471 2787 uidetur,
1487 2743 1537 2778 ut
1558 2735 1757 2777 dubitare
1775 2748 1862 2776 non
1881 2733 2057 2788 possim,
2078 2734 2184 2787 quin

403 2799 490 2840 duo
514 2798 575 2840 illi
599 2799 766 2842 codices
793 2798 831 2842 Ο
856 2798 908 2842 W
932 2808 1073 2843 totam
1093 2802 1303 2844 familiam
1322 2802 1500 2853 faciant,
1526 2815 1636 2855 quae
1655 2808 1773 2843 recta
1796 2800 1923 2842 nullis
1945 2800 2040 2843 aliis
2062 2799 2182 2842 libris

403 2864 701 2908 contaminata
722 2881 745 2908 e
766 2867 912 2909 codice
934 2867 1226 2909 Hersfeldensi
1247 2867 1453 2921 originem
1475 2869 1635 2910 trahat.
1682 2866 1824 2909 Ceteri
1844 2873 1994 2909 autem
2014 2865 2182 2908 codices

402 2944 566 2981 omnes,
586 2945 852 2985 quamquam
872 2933 1028 2974 mirum
1046 2934 1092 2975 in
1111 2934 1289 2975 modum
1308 2934 1420 2976 inter
1438 2948 1483 2975 se
1503 2934 1762 2986 discrepant,
1782 2939 1959 2986 propter
1975 2931 2022 2974 id
2039 2932 2183 2986 ipsum

404 2997 520 3049 quod
546 2997 605 3038 eis
630 2998 733 3039 locis
760 2998 835 3040 ubi
862 2997 900 3040 Ο
929 2997 981 3040 W
1006 3000 1062 3041 ab
1090 3000 1149 3041 eis
1176 2999 1424 3051 abhorrent,
1451 3001 1539 3042 fere
1565 2999 1854 3049 consentiunt,
1881 2998 2007 3040 alteri
2031 2997 2183 3040 unicae

403 3063 592 3105 familiae
622 3077 718 3106 meo
749 3065 923 3118 quidem
953 3066 1112 3107 iudicio
1142 3066 1390 3118 assignandi
1419 3073 1535 3107 sunt.
1596 3066 1716 3117 Quae
1745 3065 1782 3106 si
1812 3077 1915 3106 uera
1944 3071 2062 3115 sunt,
2094 3063 2182 3106 duo

403 3128 578 3171 fuerunt
608 3129 707 3171 libri
739 3131 1049 3173 Hersfeldensis
1080 3132 1343 3185 apographa,
1378 3146 1561 3185 quorum
1592 3144 1728 3172 unum
1759 3130 1867 3171 duos
1905 3130 2036 3172 modo
2072 3129 2181 3172 filios

402 3196 659 3246 procreauit,
681 3197 736 3237 ad
757 3197 931 3239 alterius
953 3198 1203 3239 memoriam
1224 3198 1511 3239 reuocandam
1534 3202 1710 3249 nepotes
1732 3203 1775 3238 et
1796 3202 2054 3248 pronepotes
2075 3195 2180 3250 satis

1268 3295 1311 3329 38
