2340 3840
375 364 438 398 190
681 363 748 397 DE
764 362 1059 402 FRAGMENTI
1074 361 1370 398 SVE'FONIANI
1385 362 1453 397 DE
1470 361 1815 398 GRAMMATICIS
2083 363 2162 406 [⁶⁹0

372 473 611 527 archetypo
634 479 836 527 acceptos
859 486 963 514 esse.
1018 472 1101 514 Hic
1125 472 1259 514 codex
1282 472 1458 526 insignis
1483 479 1549 515 est
1573 473 1690 526 quod
1713 472 1828 514 solus
1851 472 1965 515 inter
1987 479 2159 516 nostros

372 539 503 582 libros
536 546 747 592 quattuor
779 551 830 581 ea
862 538 1070 592 opuscula
1105 539 1356 592 Agricolam,
1390 539 1670 590 Germaniam,
1707 539 1947 592 Dialogum,
1980 539 2159 583 Suetoni

373 607 681 660 fragmentum,
696 619 807 660 quae
820 606 866 647 in
878 606 973 659 ipso
988 605 1280 648 Hersfeldensi
1292 619 1337 648 se
1351 605 1588 658 habebant,
1603 606 1812 648 continet.
1840 606 1923 649 Sed
1937 619 2064 649 nemo
2077 613 2157 659 est,

374 672 492 726 quod
517 672 666 723 sciam,
694 671 770 725 qui
795 671 1012 714 existimet
1038 671 1154 713 hunc
1180 671 1372 713 codicem
1398 672 1455 714 ab
1481 671 1576 724 ipso
1603 671 1896 714 Hersfeldensi
1921 679 2160 726 antequam

374 739 569 793 Agricola
588 738 748 781 recisus
766 744 892 789 esset,
914 737 1226 791 transcriptum
1245 751 1348 780 esse.
1398 737 1525 790 Quod
1543 737 1580 779 si
1599 751 1751 780 uerum
1770 744 1896 790 esset,
1916 737 1987 780 hic
2005 738 2159 782 ceteris

375 804 576 847 omnibus
596 805 903 859 praeferendus
924 810 1036 846 esset
1043 818 1054 856 ;
1076 817 1176 846 cum
1198 810 1346 846 tamen
1368 817 1468 846 eum
1488 804 1533 845 in
1556 804 1762 846 Suetonio
1781 811 1884 857 post
1903 803 2160 847 Vrbinatem

373 871 610 925 pessimum
633 871 829 914 omnium
852 870 1135 924 pronuntiare
1159 870 1232 912 uix
1257 870 1424 912 dubito.
1479 872 1533 912 In
1547 877 1756 924 promptu
1779 870 1912 924 igitur
1935 877 2016 923 est,
2033 870 2160 913 huius

374 937 532 981 codicis
559 938 784 980 librarium
814 938 1053 991 Agricolam
1081 951 1131 979 ex
1159 937 1245 979 alio
1276 937 1398 979 fonte
1426 943 1560 990 atque
1600 937 1839 990 Dialogum,
1878 938 2159 989 Germaniam,

375 1006 667 1059 fragmentum
685 1006 998 1048 Suetonianum
1015 1005 1260 1057 sumpsisse.
1304 1005 1408 1057 Quis
1426 1011 1574 1046 autem
1591 1018 1745 1058 negare
1762 1005 1924 1046 audeat
1940 1005 2161 1059 Dialogum

375 1079 419 1114 et
438 1073 617 1114 Suetoni
633 1072 826 1115 libellum
844 1086 866 1114 e
885 1072 1053 1113 duobus
1073 1072 1251 1113 diuersis
1268 1071 1463 1113 fontibus
1481 1071 1526 1112 in
1544 1072 1658 1113 hunc
1676 1071 1868 1113 codicem
1885 1071 2159 1125 profluxisse?

375 1138 489 1191 Quid
516 1152 617 1181 uero
642 1139 760 1192 quod
785 1139 919 1180 codex
937 1142 969 1179 Δ
995 1139 1135 1179 multa
1159 1139 1244 1179 alia
1268 1144 1439 1191 praeter
1464 1138 1570 1179 haec
1596 1144 1804 1190 quattuor
1829 1138 2036 1191 opuscula
2060 1150 2160 1180 con·

374 1204 564 1246 tinetl³⁷⁰
596 1206 752 1247 Nonne
786 1205 867 1246 hoc
898 1205 1026 1257 plane
1060 1205 1330 1246 demonstrat
1363 1218 1462 1246 eum
1495 1219 1545 1245 ex
1579 1204 1878 1246 diuersissimis
1910 1203 2160 1257 exemplari-

376 1271 454 1312 bus
473 1272 710 1313 conflatum
729 1273 844 1313 esse?
880 1271 1004 1313 Adde
1023 1271 1140 1324 quod
1158 1271 1327 1312 libellus
1347 1271 1635 1313 Suetonianus
1654 1270 1699 1311 in
1716 1274 1749 1311 Δ
1768 1284 1856 1312 non
1874 1277 1941 1312 est
1959 1270 2161 1312 coniunc-

374 1343 445 1378 tus
462 1349 563 1378 cum
579 1336 798 1390 opusculis
814 1336 1017 1386 TaciteiS,
1036 1336 1112 1378 sed
1128 1335 1241 1378 inter
1258 1349 1358 1378 eum
1375 1342 1419 1378 et
1439 1336 1692 1388 Agricolam,
1717 1335 1792 1389 qui
1807 1335 2000 1389 primum
2015 1335 2161 1378 locum

371 1402 485 1445 inter
507 1402 716 1456 opuscula
739 1402 919 1445 Tacitea
942 1402 1127 1453 obtinet,
1151 1403 1381 1444 intercedit
1405 1402 1568 1444 Plinius
1590 1399 1639 1454 (l)
1667 1402 1730 1444 De
1762 1402 1876 1444 Viris
1903 1401 2160 1444 Illustribus.

374 1469 600 1511 Postremo
616 1469 895 1518 inspiciamus
913 1482 985 1511 eos
1003 1468 1170 1510 codices
1189 1469 1264 1522 qui
1280 1469 1326 1510 in
1341 1468 1486 1510 libello
1509 1469 1774 1511 Suetoniano
1797 1468 1935 1511 codici
1949 1471 1984 1510 Δ
2006 1480 2162 1522 cogna-

377 1534 529 1577 tissimi
549 1543 666 1578 sunt.
717 1535 873 1577 Totius
893 1534 1040 1588 stirpis
1070 1551 1100 1585 γ
1120 1541 1293 1588 praeter
1311 1538 1345 1576 A
1367 1548 1479 1576 unus
1499 1535 1615 1576 solus
1639 1532 1689 1576 M
1712 1535 1996 1587 Germaniam,
2015 1535 2162 1577 Dialo-

372 1615 484 1655 gum,
510 1602 890 1656 fragmentumque
918 1601 1231 1644 Suetonianum
1256 1601 1573 1654 complectitur,
1601 1597 1642 1643 K
1668 1598 1711 1642 H
1738 1598 1775 1643 U
1802 1598 1836 1643 P
1865 1601 2091 1655 Dialogum
2115 1607 2162 1644 et

375 1668 629 1710 Suetonium
651 1668 830 1719 habent,
853 1667 984 1710 ceteri
1007 1665 1040 1709 C
1063 1665 1096 1709 F
1122 1664 1161 1715 Q
1183 1667 1352 1709 nullum
1374 1668 1529 1709 horum
1551 1666 1858 1720 opusculorum
1879 1667 1962 1708 nisi
1984 1667 2162 1710 Suetoni

373 1736 665 1788 fragmentum
690 1734 929 1777 continent.
983 1733 1222 1776 Verisimile
1245 1734 1377 1787 igitur
1401 1741 1467 1776 est
1491 1734 1740 1777 Germaniae
1767 1733 1982 1776 iacturam
2004 1733 2094 1776 iam
2115 1733 2162 1776 in

373 1807 396 1850 ζ
425 1801 590 1843 factam
608 1815 712 1852 esse,
732 1801 924 1843 codicem
941 1808 1091 1843 autem
1117 1805 1152 1852 θ,
1172 1814 1194 1842 e
1214 1813 1300 1853 quo
1320 1797 1352 1842 C
1377 1798 1409 1842 F
1438 1797 1476 1848 Q
1495 1813 1582 1842 una
1601 1813 1700 1841 cum
1716 1803 1750 1843 A
1766 1800 2079 1853 profluxerunt,
2097 1799 2161 1842 ni-

373 1867 434 1909 hil
455 1867 537 1909 nisi
560 1867 739 1910 Suetoni
759 1867 953 1909 libellum
974 1867 1188 1909 habuisse.
1241 1867 1368 1919 Quod
1389 1867 1426 1908 si
1447 1880 1599 1909 uerum
1621 1873 1687 1908 est
1707 1866 1907 1909 librarius
1926 1869 1961 1907 A
1983 1865 2163 1909 Suetoni

373 1934 667 1987 fragmentum
682 1948 733 1976 ex
748 1934 900 1976 eodem
914 1934 1154 1986 archetypo
1169 1947 1191 1975 e
1208 1947 1294 1986 quo
1308 1934 1533 1987 Dialogum
1549 1940 1594 1975 et
1609 1933 1877 1976 Germaniam
1892 1932 2011 1975 nullo
2027 1931 2162 1975 modo

374 2001 657 2043 transcribere
687 2000 847 2053 potuit.
909 2001 1005 2042 Hoc
1035 2000 1167 2053 igitur
1197 2000 1437 2051 admonito,
1470 2013 1567 2042 eam
1595 2005 1767 2052 partem
1797 1999 1957 2041 codicis
1984 2002 2019 2041 A
2050 2011 2162 2053 quae

377 2067 602 2120 Dialogum
631 2067 947 2120 complectatur
976 2066 1151 2125 minime
1180 2066 1373 2108 eiusdem
1400 2073 1545 2108 sectae
1573 2065 1723 2107 haberi
1749 2079 1875 2119 posse
1903 2071 2038 2119 atque
2065 2077 2162 2109 eam

373 2139 542 2185 partem
564 2146 651 2186 qua
671 2133 850 2175 Suetoni
868 2133 1036 2175 libellus
1066 2133 1355 2184 contineatur,
1375 2139 1611 2174 stemmata
1640 2145 1667 2174 a
1699 2132 1911 2174 Scheuero
1941 2138 1988 2174 et
2019 2131 2162 2174 Gude-

374 2212 535 2241 manno
557 2200 762 2242 restituta
784 2199 1010 2241 exhibebo.
1063 2199 1178 2252 Sigla
1199 2199 1357 2252 quibus
1378 2199 1423 2240 in
1447 2199 1654 2241 Suetonio
1675 2211 1778 2240 usus
1799 2211 1898 2239 sum
1918 2198 2042 2240 iuxta
2063 2210 2115 2241 ea
2135 2210 2162 2240 a

376 2266 587 2307 Scheuero
611 2266 984 2318 Gudemannoque
1006 2272 1215 2318 usurpata
1234 2263 1431 2318 posui.⁸⁷¹
1481 2266 1602 2306 Haec
1621 2265 1752 2318 igitur
1775 2265 1959 2306 Scheuer
1979 2264 2162 2306 effinxit:

1019 2343 1183 2394 [Codex
1204 2342 1526 2394 Hersfeldensis]

472 2418 1739 2786 frig—*Ti

392 2788 523 2844 AW)
612 2775 750 2873 [coci.
798 2779 1065 2882 romani]
1907 2809 2027 2919 [5²]

800 2875 928 3018 2¹0„
1228 2814 1468 3081 χωχ
1818 2931 1892 3062 s
2021 2928 2141 3132 χΔ

1187 3104 1312 3157 mo)
1425 3107 1483 3159 v2
1506 3101 1588 3155 (w)
1775 3074 1902 3131 ΜΝ)

1914 3150 2037 3207 Du)

462 3235 507 3257 ³⁷⁰
519 3235 606 3270 Vide
623 3246 729 3277 supra
745 3246 780 3277 p.
800 3235 854 3269 34.

463 3290 505 3312 ³⁷¹
520 3290 665 3324 Codices
678 3290 871 3332 Gudianus,
886 3289 1106 3331 Bodleianus,
1119 3289 1330 3324 Hauniensis
1346 3290 1486 3332 Dialogo
1498 3294 1629 3323 carent.
