2340 3840
486 335 531 368 94
615 310 616 313 Ἴ
818 334 885 368 DE
902 333 1194 368 FRAGMENTI
1210 334 1505 368 SVETONIANI
1521 334 1589 368 DE
1606 334 1950 370 GRAMMATICIS
2195 337 2273 380 [5⁹4

489 446 538 486 13
559 446 781 486 αοιααίἰαε
803 445 1097 486 exhibeant.¹⁹⁵
1146 445 1278 498 Putet
1299 445 1453 498 aliquis
1474 446 1698 487 librarium
1717 462 1746 496 ’γ
1768 460 1926 490 nomen
1947 461 1997 489 ex
2018 447 2159 492 indice
2179 462 2271 492 cor-

487 511 655 553 rexisse.
712 511 838 563 Quod
867 511 938 552 uix
966 510 1236 562 crediderim3
1265 524 1368 552 nam
1396 513 1614 564 quomodo
1641 512 1840 554 librarius
1867 513 1937 555 ille
1964 514 2071 556 scire
2097 521 2271 568 poterat

495 578 740 619 Voltacilius
769 577 1002 631 genuinam
1031 591 1121 619 esse
1151 577 1434 630 scripturam?
1493 579 1646 631 Neque
1677 578 1813 620 ullum
1842 580 2086 633 exemplum
2114 581 2160 623 in
2188 582 2271 624 hac

485 644 619 696 stirpe
643 643 746 684 noui
771 643 846 684 ubi
870 650 1014 685 textus
1038 657 1089 685 ex
1112 643 1253 685 indice
1273 651 1489 686 correctus
1510 651 1590 695 est,
1611 644 1713 686 licet
1734 645 1780 685 in
1801 645 1978 698 singulis
1997 646 2117 688 libris
2141 647 2270 691 index

485 724 507 752 e
532 717 655 752 textu
676 722 1006 763 nonnumquam
1026 709 1350 752 contaminatus
1370 710 1441 751 sit.

573 807 614 831 ¹⁹⁶
625 808 767 843 Hieron.
783 807 906 842 Chron.
922 808 976 842 Ol.
995 806 1069 851 174,
1083 808 1121 842 4:
1145 808 1374 843 “Vultacilius
1391 807 1578 850 (uultacius
1593 807 1620 842 B
1635 809 1837 844 uulcacilius
1850 807 1879 844 Α
1894 807 1923 844 P
1936 810 2116 847 uttacilius
2129 809 2171 854 F)
2187 811 2270 847 1²10-

484 868 543 898 tus
555 862 706 898 Latinus
718 862 838 898 rhetor
851 863 917 898 Cn.
931 862 1077 906 Pompei
1089 862 1236 898 libertus
1249 867 1287 898 et
1299 863 1423 898 doctor
1434 862 1589 898 scholam
1602 864 1738 899 Romae
1749 864 1923 906 aperuit.”
1968 865 2083 902 Macr.
2095 865 2170 903 Sal.
2183 865 2225 903 11
2236 867 2271 910 2,

486 919 542 954 13:
565 919 586 936 ‘¹
602 918 681 953 ‘Ml
697 918 813 961 inquit
831 918 1032 953 ‘Votacilius
1047 917 1110 960 (sic
1125 918 1236 960 codd.‚·
1252 919 1338 953 male
1354 918 1547 954 Casauboni
1563 919 1750 954 coniectura
1765 919 1935 956 Otacilius
1949 919 2071 964 odihcr)
2087 921 2271 958 Pitholaus

481 972 685 1017 (pytholaus
694 971 800 1015 codd.)
820 984 902 1008 cum
913 973 1081 1008 Caninius
1090 973 1236 1008 Reuilus
1245 984 1315 1008 uno
1326 977 1468 1009 tantum
1478 973 1535 1009 die
1544 974 1664 1009 consul
1674 973 1808 1018 fuisset,
1818 974 1908 1011 dixit
1917 980 1993 1011 ante
1996 976 2171 1022 flamines,
2179 988 2272 1014 nunc

483 1029 633 1064 consules
643 1028 856 1072 dialesfiunt.
864 1028 874 1045 ’
885 1028 906 1045 ''
940 1028 1087 1064 Codices
1096 1028 1209 1063 nostri
1218 1028 1256 1063 in
1267 1039 1297 1063 c.
1313 1027 1356 1063 27
1366 1039 1558 1071 cognomen
1570 1029 1709 1064 Pibutxus
1720 1029 1819 1073 dant,
1829 1029 1866 1065 in
1876 1029 1991 1067 indice
2000 1041 2142 1076 quoque
2149 1042 2272 1069 omnes

480 1083 612 1127 (pillut’
626 1082 645 1118 1
671 1083 800 1126 pilatus
813 1081 853 1126 L)
867 1088 1007 1127 praeter
1020 1081 1053 1118 0
1068 1082 1112 1118 W
1124 1084 1264 1118 Pilutus
1276 1084 1479 1119 ostendunt.
1524 1082 1558 1118 0
1572 1082 1617 1119 W
1630 1085 1720 1128 plut’
1731 1085 1925 1128 proferunt.
1969 1086 2272 1125 Reiffasehddius

482 1150 674 1182 cognomen
683 1138 881 1174 inauditum
894 1139 1050 1174 Pilatum
1059 1138 1193 1183 respuit
1202 1143 1240 1174 et
1250 1140 1369 1174 Plotus
1379 1150 1421 1174 ex
1430 1139 1645 1182 Hieronymo
1655 1140 1821 1176 restituit.
1845 1141 1900 1176 M.
1909 1141 2075 1178 Hertzius
2081 1140 2164 1186 (ΚΒ.
2172 1143 2269 1180 Mus.

482 1195 606 1230 XLIII
618 1194 728 1236 [1888]
737 1206 771 1238 p.
783 1195 847 1229 312
857 1193 925 1238 sq.)
937 1205 1127 1237 cognomen
1135 1195 1328 1245 Pitholaum
1337 1195 1418 1230 huic
1427 1195 1556 1230 rhetori
1564 1195 1744 1231 restituere
1753 1196 1876 1239 uoluit,
1885 1196 2142 1242 affirmauitque
2150 1198 2269 1243 etiam,

483 1262 519 1285 se
529 1255 612 1285 ante
623 1249 744 1285 decem
753 1250 824 1285 fere
834 1261 945 1285 annos
955 1249 1139 1285 nonnullos
1150 1249 1272 1286 titulos
1282 1250 1318 1284 in
1329 1250 1540 1294 quibusdam
1550 1250 1682 1286 diurnis
1702 1251 1758 1287 uel
1778 1251 2043 1295 Francogallieis
2062 1252 2119 1289 uel
2138 1253 2270 1291 Italicis

483 1305 680 1349 publicatos
711 1305 850 1348 uidisse,
881 1305 943 1348 qui
980 1305 1170 1341 Volcacilios
1200 1306 1372 1340 Pitholaos
1402 1305 1601 1349 laudarent;
1634 1306 1752 1342 omnia
1784 1311 1904 1342 tamen
1935 1318 2056 1344 eorum
2086 1307 2271 1360 titulorum

484 1360 631 1403 uestigia
641 1371 677 1395 se
688 1360 877 1404 perdidisse
886 1371 999 1404 neque
1009 1360 1276 1403 inuestigatione
1286 1360 1545 1404 diligentissime
1555 1361 1718 1396 instituta
1729 1373 1787 1398 eos
1798 1362 1945 1406 reperire
1953 1363 2119 1407 potuisse.
2131 1364 2168 1400 si
2177 1364 2270 1402 forte

483 1415 519 1450 hi
540 1415 634 1450 tituli
654 1415 781 1451 iterum
800 1415 837 1450 in
856 1415 970 1450 lucem
989 1415 1210 1460 proferantur
1230 1416 1289 1451 uix
1307 1416 1544 1452 dubitandum
1563 1417 1609 1452 sit
1629 1428 1820 1460 cognomen
1839 1419 2033 1454 Pitholaum
2052 1424 2173 1456 nostro
2191 1419 2269 1456 loeo

482 1471 676 1513 restituere;
691 1471 765 1506 sine
779 1470 846 1506 hoc
861 1470 1044 1506 titulorum
1059 1471 1259 1507 testimonio
1274 1482 1328 1507 res
1341 1483 1481 1516 prorsus
1495 1472 1532 1507 in
1547 1471 1655 1507 dubio
1669 1472 1832 1508 habenda
1847 1478 1911 1509 est.
1949 1473 2139 1511 Schanzius
2155 1474 2267 1518 (Ram.

488 1527 768 1569 Litteraturgesch.
787 1524 805 1560 I
822 1526 867 1569 2⁸,
886 1537 921 1569 p.
943 1524 1021 1568 119)
1041 1526 1225 1561 Hertzium
1242 1531 1382 1562 secutus
1402 1528 1442 1561 L.
1464 1528 1662 1563 Volcacilius
1681 1528 1858 1563 Pitholaus
1870 1528 1971 1564 edere
1987 1539 2059 1565 non
2074 1529 2267 1566 dubitauit.

482 1581 841 1616 Animaduertendum
850 1586 904 1616 est
913 1580 1047 1616 codices
1057 1580 1089 1616 Ο
1101 1579 1145 1616 W
1154 1576 1191 1616 in
1201 1581 1314 1617 indice
1322 1582 1406 1625 plut'
1418 1582 1588 1626 exhibere,
1598 1583 1693 1626 quod
1703 1583 1996 1627 Hieronymianae
2003 1583 2144 1621 lectioni
2151 1585 2270 1622 flocus

481 1636 624 1681 propius
636 1636 781 1679 aceedit,
794 1636 854 1671 sed
866 1636 1079 1680 probabilius
1090 1636 1176 1671 mihi
1187 1637 1327 1672 uidetur
1337 1638 1452 1680 plutas
1463 1638 1499 1672 in
1512 1636 1544 1673 Ο
1558 1636 1602 1672 W
1623 1649 1643 1673 e
1662 1639 1794 1681 pilutus
1814 1644 2018 1684 corruptum
2037 1651 2122 1676 ase.
2163 1640 2270 1677 Hert·

482 1691 557 1726 zius
568 1691 666 1726 illum
677 1691 732 1726 M.
744 1691 968 1726 Voltacilium
979 1702 1001 1726 a
1012 1691 1196 1727 Macrobio
1207 1692 1356 1727 citatum
1366 1703 1438 1727 non
1448 1697 1608 1728 nostrum
1618 1693 1793 1728 rhetorem
1804 1693 1920 1738 fuisse,
1932 1694 1994 1730 sed
2003 1694 2180 1738 quendam
2189 1706 2270 1740 eog-

481 1751 618 1790 natum,
630 1746 730 1782 cuius
739 1747 873 1782 mentio
884 1747 981 1790 apud
993 1747 1088 1782 Suet.
1102 1746 1197 1782 Caes.
1211 1746 1265 1790 75,
1278 1748 1298 1782 5
1311 1748 1363 1790 fit,
1376 1747 1564 1783 existimat.
1608 1748 1703 1783 Mihi
1713 1748 1750 1783 in
1760 1754 1915 1784 mentem
1926 1749 2026 1786 uenit
2035 1750 2269 1795 corruptelam

482 1802 519 1837 in
535 1802 757 1837 Suetonianis
772 1802 950 1837 codicibus
965 1802 1003 1836 in
1018 1802 1077 1837 illo
1092 1802 1319 1845 praenomine
1333 1803 1373 1838 L.
1390 1803 1500 1838 latere
1514 1814 1628 1847 posse3
1646 1808 1683 1839 et
1699 1804 1904 1840 Suetonium
1919 1816 1991 1840 non
2005 1805 2047 1840 L.
2069 1805 2270 1842 Volcacium

482 1857 545 1892 sed
564 1857 763 1893 Volcacilius
775 1857 962 1900 scripsisse,
982 1858 1180 1893 Voltacilius
1193 1862 1312 1893 autem
1325 1858 1363 1893 in
1378 1859 1418 1893 L.
1432 1859 1610 1894 Oltacilisas
1622 1864 1826 1902 corruptum
1838 1870 1926 1904 oese3
1938 1871 2024 1896 nam
2037 1861 2078 1897 L.
2091 1861 2270 1898 ouacitius

481 1913 517 1947 in
534 1917 633 1947 textu
649 1912 777 1948 codicis
792 1911 1047 1948 Hersfeldensis
1063 1913 1169 1948 fuisse
1182 1913 1341 1948 meliores
1355 1913 1435 1948 libri
1449 1919 1612 1957 arguunt.
1658 1914 1726 1950 Sed
1740 1914 1822 1950 huic
1835 1915 1992 1959 opinioni
2008 1915 2049 1952 L.
2071 1916 2270 1953 Voltaoils'm

481 1968 517 2003 in
536 1967 650 2003 indice
668 1978 860 2011 repugnare
877 1967 1028 2003 uidetur.
1075 1968 1282 2012 Exemplum
1300 1968 1439 2004 litterae
1460 1970 1489 2003 L
1507 1969 1545 2004 in
1570 1970 1600 2005 V
1618 1974 1820 2013 corruptum
1838 1971 1985 2014 praebet
2002 1971 2112 2007 codex
2125 1969 2163 2007 Η
2176 1981 2207 2007 c.
2227 1972 2267 2006 13

481 2023 531 2065 (p.
549 2023 623 2066 110,
636 2021 692 2064 21)
710 2022 759 2064 (u.
773 2034 879 2066 supra
890 2034 925 2066 p.
940 2021 998 2065 83)
1014 2027 1050 2058 et
1062 2023 1256 2058 contrarius
1269 2034 1362 2059 error
1374 2024 1475 2059 facile
1487 2024 1562 2059 fieri
1572 2029 1724 2068 poterat.
