2340 3840
430 334 492 368 128
754 333 822 367 DE
839 333 1131 368 FRAGMENTI
1148 334 1442 370 SVETONIANI
1458 335 1526 369 DE
1543 335 1889 372 GRAMMATICIS
2138 337 2216 380 [⁶28

431 442 616 485 Firmius
634 443 767 485 etiam
785 451 1091 497 argumentum
1108 444 1153 485 in
1181 457 1217 486 c.
1236 446 1264 486 4
1278 443 1338 497 (p.
1361 445 1453 495 103,
1473 443 1513 496 8)
1532 444 1690 498 inueni,
1718 445 1794 488 ubi
1809 446 1855 488 in
1871 445 2094 490 codicibus
2115 445 2151 491 B
2173 445 2215 490 D

429 509 611 551 uerbum
640 509 802 563 aliquid
831 509 1038 552 omissum
1058 517 1137 561 est,
1159 510 1327 552 codices
1348 508 1383 552 V
1403 507 1435 551 L
1454 518 1604 553 autem
1623 512 1837 565 diligenter
1857 513 2018 566 aliquid
2036 525 2117 567 pro
2135 513 2215 556 ali-

426 575 528 629 quid
549 575 764 628 diligenter
786 582 1019 626 testantur.
1082 576 1207 619 Vnde
1229 576 1366 618 cuiuis
1387 584 1571 630 apparet
1594 578 1776 620 uerbum
1798 579 1960 632 aliquid
1980 578 2026 621 in
2041 583 2084 632 β,
2097 591 2215 623 com-

427 641 548 683 muni
561 641 799 695 archetypo
812 642 1021 684 librorum
1035 639 1070 683 B
1082 639 1121 683 D
1133 640 1168 684 V
1179 640 1224 696 L,
1236 642 1300 685 ita
1314 642 1504 685 incertae
1517 643 1647 686 fuisse
1661 643 1788 695 sediS,
1803 651 1854 687 ut
1869 659 1919 688 ex
1933 641 1968 686 B
1983 642 2023 686 D
2038 645 2215 689 omnino

426 707 653 761 delapsum
673 708 746 760 sit,
768 707 813 750 in
835 706 870 750 V
893 705 924 750 L
945 715 1095 751 autem
1116 708 1257 751 alieno
1278 709 1373 751 loco
1394 709 1648 752 restitutum
1669 710 1793 752 sit.¹⁴⁷
1842 710 1966 753 Adde
1988 712 2107 765 quod
2126 724 2165 755 c.
2185 713 2215 754 4

424 773 484 828 (p.
523 776 615 826 104,
658 773 722 826 10)
759 772 794 816 V
827 776 1089 828 grammatici
1121 772 1228 826 (=B
1263 773 1305 826 Ι)
1340 782 1544 828 testatur,
1565 773 1604 817 D
1625 789 1724 818 cum
1745 776 1896 819 ceteris
1916 777 2036 819 libris
2059 777 2214 832 (gram-

426 843 574 892 matice
589 838 642 892 G)
658 842 939 894 grammaticis
955 841 1141 884 exhibet.

427 943 465 982 5.
526 943 599 983 DE
626 942 872 983 Conrcmvs
897 939 932 983 V
957 940 988 983 L
1014 955 1070 983 ET
1094 954 1347 984 PRAECIPVE
1372 955 1431 984 DE
1459 945 1775 985 ConnEc'ronts
1805 944 1952 985 MANV
1974 955 2027 986 m
2050 941 2083 986 L
2117 955 2209 987 ms-

1223 1020 1414 1050 SERITVR

506 1083 725 1125 Leidensis
747 1084 895 1135 codex,
919 1091 969 1126 ut
991 1097 1122 1137 supra
1142 1083 1201 1137 (p.
1225 1083 1293 1136 32)
1318 1084 1419 1136 dixi,
1443 1085 1723 1138 apographon
1745 1084 1858 1126 illius
1880 1085 2038 1128 codicis
2061 1085 2210 1140 deper-

424 1150 506 1192 diti
520 1157 600 1202 est,
617 1163 747 1203 quem
761 1162 801 1192 a.
822 1151 928 1192 1460
942 1151 1137 1193 exarauit
1152 1151 1358 1193 Iouianus
1375 1152 1613 1194 Pontanus.
1658 1151 1963 1203 Quaerendum
1977 1158 2046 1195 est
2059 1158 2209 1195 utrum

422 1217 613 1258 Pontani
632 1216 778 1268 codex,
801 1216 1061 1259 Hauniensis
1081 1217 1238 1259 codicis
1257 1218 1558 1271 archetypum,
1579 1218 1817 1260 Vaticanus
1840 1219 1960 1270 1862,
1980 1218 2106 1272 quasi
2123 1225 2210 1262 tres

423 1282 499 1324 filii
513 1283 671 1324 codicis
685 1287 712 1325 λ
736 1283 925 1325 habendi
939 1283 1040 1335 sint,
1056 1297 1113 1325 an
1128 1285 1261 1325 artior
1276 1284 1422 1338 aliqua
1436 1284 1708 1326 necessitudo
1722 1284 1835 1326 inter
1850 1283 2039 1327 Pontani
2051 1284 2212 1327 librum

424 1355 468 1391 et
482 1349 744 1391 Vaticanum
758 1349 814 1391 sit
828 1349 1076 1391 statuenda.
1121 1349 1172 1390 B.
1190 1350 1421 1403 Seppius¹⁴¹⁸
1433 1350 1687 1392 Leidensem
1701 1350 1894 1392 codicem
1905 1349 2054 1404 (quem
2067 1350 2210 1405 ipsum

423 1428 449 1456 a
470 1416 671 1457 Pontano
691 1416 1002 1468 transcriptum
1022 1414 1248 1467 iudicauit)
1272 1417 1472 1458 Vaticani
1495 1418 1600 1458 1862
1622 1430 1712 1458 esse
1732 1417 2013 1470 apographon
2033 1416 2211 1460 demon-

422 1490 560 1525 strare
579 1489 762 1524 conatus
775 1478 861 1534 est„
882 1482 959 1523 sed
978 1482 1084 1523 nihil
1102 1482 1309 1534 probauit
1328 1482 1410 1523 nisi
1429 1482 1507 1524 hos
1528 1482 1637 1524 duos
1657 1483 1825 1524 codices
1844 1482 2084 1526 simillimos
2103 1496 2209 1536 esse,

423 1549 541 1602 quod
555 1548 731 1607 quidem
745 1561 872 1590 nemo
887 1561 1097 1600 umquam
1111 1549 1301 1601 negauit.
1351 1549 1540 1590 Pontani
1553 1549 1772 1602 exemplar
1785 1548 1990 1592 Vaticani
2003 1562 2094 1592 esse
2107 1561 2210 1604 apo-

423 1615 617 1669 graphon
636 1628 724 1656 non
742 1614 884 1665 credo,
904 1616 980 1657 sed
998 1615 1098 1656 nolo
1118 1615 1519 1657 Reifferscheidium
1538 1623 1583 1658 et
1603 1616 1855 1658 Wissowam
1874 1616 1986 1657 hanc
2004 1629 2095 1658 rem
2111 1626 2211 1670 pro-

424 1682 606 1724 bauisse.
666 1681 794 1722 Ille¹⁴⁹
831 1680 1006 1733 quidem
1046 1681 1193 1723 Trossi
1230 1681 1426 1723 socordia
1456 1682 1513 1723 ad
1541 1682 1650 1723 falsa
1679 1682 1976 1724 concludenda
2003 1681 2208 1725 inductus

423 1761 559 1790 unum
580 1747 720 1789 solum
741 1746 1084 1788 infelicissimum
1107 1748 1351 1800 exemplum
1373 1749 1430 1790 ad
1452 1748 1699 1801 opinionem
1721 1761 1845 1790 suam
1867 1747 2209 1792 confirmandam

421 1815 615 1868 protulit.
668 1815 785 1856 Na'm
807 1826 842 1855 c.
868 1815 891 1854 2
912 1812 972 1866 (p.
999 1815 1090 1864 100,
1118 1812 1198 1865 15),
1230 1827 1330 1855 cum
1362 1814 1559 1855 Trossius
1592 1814 1645 1856 de
1675 1814 1896 1856 Leidensis
1925 1813 2111 1858 lectione
2141 1821 2208 1858 ta-

422 1881 592 1932 cuisset,
614 1894 753 1933 neque
774 1879 1034 1921 Ritschelius
1065 1894 1216 1922 uerum
1246 1880 1518 1932 declarasset,
1551 1880 1926 1922 Reifferscheidius
1954 1880 2208 1923 Leidensem

422 1947 613 1990 codicem
630 1946 690 1988 sic
707 1953 758 1988 ut
774 1954 937 1988 ceteros
956 1961 1003 1988 ac
1020 1947 1212 1989 hocloco
1229 1947 1382 1989 testari
1399 1954 1443 1989 et
1460 1947 1600 1988 solum
1617 1945 1652 1988 V
1668 1947 1898 1988 lectionem
1914 1947 2070 1989 falsam
2085 1952 2122 1988 et
2137 1960 2208 1989 ex-

422 2014 568 2056 hibere
585 2013 863 2055 existimauit.
913 2014 995 2054 Sed
1013 2027 1057 2055 re
1075 2027 1178 2055 uera
1195 2019 1230 2055 et
1247 2027 1334 2055 non
1353 2014 1492 2055 solum
1509 2013 1554 2055 in
1572 2011 1607 2054 V
1624 2014 1700 2055 sed
1717 2013 1850 2055 etiam
1867 2013 1912 2054 in
1930 2010 1962 2054 L
1979 2010 2014 2054 B
2032 2010 2088 2065 D,
2105 2013 2149 2056 h.
2167 2027 2205 2056 e.

422 2087 518 2123 tota
533 2080 667 2133 stirpe
682 2084 723 2131 β,
749 2079 918 2132 legitur,
937 2086 988 2122 ut
1003 2092 1134 2132 supra
1148 2078 1207 2132 (p.
1229 2077 1323 2130 117)
1340 2079 1542 2121 indicaui.
1589 2079 1795 2122 Wissowa
1812 2078 2000 2122 Pontani
2015 2079 2207 2122 codicem

421 2146 624 2189 Vaticani
646 2159 736 2187 esse
759 2147 1040 2199 apographon
1063 2146 1254 2199 negauit,
1278 2146 1353 2187 sed
1377 2159 1464 2198 quo
1486 2152 1620 2199 pacto
1642 2146 1688 2188 id
1710 2145 1961 2199 probauisse
1983 2145 2067 2187 sibi
2088 2144 2207 2188 uisus

419 2212 490 2264 sit,
510 2225 684 2266 prorsus
704 2213 915 2254 nescio.¹⁶⁰
964 2212 1363 2253 Reifferscheidium
1384 2212 1722 2265 Wissowamque
1741 2211 1875 2253 nihilo
1896 2211 2037 2253 minus
2057 2224 2206 2254 ueram

420 2279 649 2332 protulisse
664 2279 909 2331 opinionem
925 2278 1135 2329 existimo,
1153 2292 1286 2331 quam
1300 2280 1357 2321 ad
1371 2278 1713 2320 confirmandam
1727 2278 1934 2319 nonnulla
1947 2284 2204 2331 argumenta

419 2345 599 2398 repperi.
645 2346 740 2386 Hae
754 2344 989 2386 lectionum
1005 2345 1317 2397 discrepantiae
1332 2345 1444 2386 inter
1468 2341 1500 2385 L
1515 2351 1558 2386 et
1573 2342 1609 2385 V
1623 2345 1918 2387 demonstrare
1934 2343 2040 2385 mihi
2053 2343 2202 2387 uiden-

419 2419 489 2453 tur
508 2408 540 2452 L
559 2411 677 2453 nullo
697 2411 827 2452 modo
847 2425 896 2452 ex
916 2407 951 2451 V
971 2413 1154 2454 deriuari
1173 2412 1379 2463 potuisse.

420 2560 455 2587 c.
504 2548 544 2597 4,
565 2559 607 2598 p.
633 2547 724 2597 104,
749 2547 799 2586 10
832 2476 1147 2596 Lgrammaticis
1346 2545 1617 2598 grammatici
1760 2476 1795 2520 V

419 2626 454 2653 c.
480 2614 544 2663 10,
564 2625 607 2664 p.
633 2613 723 2662 108,
749 2613 796 2653 15
856 2611 1103 2652 uendicauit
1346 2611 1585 2652 uindicauit

419 2725 454 2753 c.
480 2713 543 2763 14,
563 2725 606 2763 p.
632 2713 723 2762 111,
748 2713 795 2752 13
854 2674 1026 2752 criticus
1056 2709 1097 2761 (e
1128 2713 1177 2751 ab
1209 2725 1273 2751 ea·
1344 2711 1516 2753 criticus

856 2778 947 2817 dem
967 2776 1112 2827 manu)

503 2853 547 2876 ¹⁴⁷
559 2854 642 2888 Non
653 2851 785 2887 infitior
796 2852 975 2895 quandam
988 2863 1062 2886 esse
1075 2852 1312 2887 confusionem
1325 2863 1396 2886 non
1409 2853 1515 2887 semel
1528 2857 1668 2886 tantum
1681 2851 1718 2887 in
1731 2850 1941 2886 testimoniis
1952 2849 2112 2886 codicum
2123 2847 2153 2885 B
2165 2854 2204 2886 et

416 2907 461 2952 D,
478 2918 585 2951 quam
602 2907 770 2944 extricare
786 2918 932 2950 nequeo.
979 2907 1015 2941 Si
1032 2907 1161 2950 aliquid
1177 2907 1214 2941 in
1231 2907 1350 2941 codice
1365 2911 1389 2948 β
1405 2907 1570 2950 primitus
1586 2907 1754 2942 omissum
1771 2905 1898 2941 deinde
1913 2905 1951 2940 in
1967 2904 2125 2948 margine
2140 2904 2202 2941 uel

414 2974 520 3008 supra
533 2974 674 2999 uersum
688 2963 856 3006 scriptum
872 2966 959 3005 erat,
969 2962 1065 3005 quod
1075 2962 1208 2997 iactum
1223 2973 1298 2997 esse
1306 2967 1404 3005 puto,
1415 2962 1650 2997 existimemus
1664 2972 1803 2997 necesse
1811 2965 1876 3004 est,
1886 2960 2040 2996 codicem
2048 2962 2122 2996 Rex
2130 2970 2202 3004 quo

415 3019 589 3054 fluxerunt
606 3016 639 3052 D
650 3017 679 3052 V
690 3016 717 3052 L
734 3018 883 3053 eundem
901 3028 1050 3052 errorem
1069 3017 1130 3060 qui
1148 3017 1270 3051 fuisset
1287 3017 1323 3051 in
1340 3021 1364 3058 β
1381 3017 1650 3060 transcripsisse,
1668 3017 1703 3051 h.
1722 3028 1751 3051 e.
1771 3015 1901 3059 aliquid
1917 3015 1954 3050 in
1971 3014 2127 3059 margine
2142 3015 2200 3051 uel

413 3084 520 3117 supra
533 3084 674 3109 uersum
688 3073 878 3116 reliquisse.

504 3129 547 3152 ¹⁴⁸
557 3130 751 3171 Philologus
765 3129 870 3163 LXII
888 3127 1004 3170 (1903)
1022 3140 1056 3172 p.
1074 3129 1137 3162 292
1154 3140 1205 3171 sq.

504 3184 544 3206 ¹⁸⁹
552 3183 686 3226 Quaest.
702 3183 794 3219 Suet.
810 3195 846 3226 p.
862 3183 939 3217 414.

504 3239 544 3261 ¹⁸⁰
556 3238 734 3281 Wissowa,
751 3243 805 3281 op.
822 3238 877 3272 cit.
893 3249 928 3282 p.
946 3238 1073 3272 XVIII
1089 3238 1146 3272 ad.
1164 3238 1222 3272 fin.
