2340 3840
147 358 228 403 ³2³1
548 359 612 394 ΕΤ
627 359 938 394 RHETORIBVS
955 358 1182 395 CODICVM
1199 359 1338 394 NEXV
1354 359 1418 393 ET
1435 360 1550 394 FIDE
1910 363 1952 396 23

148 473 201 516 fit
222 471 271 516 in
293 471 439 515 Caroli
461 472 515 514 de
540 472 725 514 Medicis
746 472 935 526 epistula
958 485 1047 513 non
1069 472 1126 514 sit
1149 478 1297 514 noster
1319 472 1488 514 libellus
1512 474 1575 513 De
1598 473 1893 516 Grammaticis
1916 480 1953 516 et

147 538 394 583 moribus
415 545 496 582 aut
519 539 608 581 duo
631 538 760 581 huius
784 538 981 593 opusculi
1001 539 1264 593 exemplaria
1284 539 1456 580 saeculo
1478 539 1633 592 quinto
1665 540 1834 582 decimo
1867 543 1953 582 Ro-

149 618 269 651 mam
286 605 502 649 translata
521 606 622 648 sint.
683 605 766 648 Sed
786 619 887 647 cum
906 619 1057 648 omnes
1076 606 1245 648 codices
1260 606 1335 659 qui
1348 612 1501 648 extant
1512 613 1686 660 praeter
1699 606 1883 649 dubium
1896 608 1952 650 ad

148 685 286 717 unum
302 679 438 727 atque
453 672 569 715 idem
587 673 877 726 archetypum
895 673 1108 716 referendi
1125 673 1227 725 sint,
1247 673 1334 714 duo
1351 672 1485 715 fuisse
1502 673 1765 727 exemplaria
1782 675 1952 717 credere

148 753 332 794 nequeo.
390 740 514 792 Quae
530 753 631 782 cum
646 740 712 782 ita
732 741 834 793 sint,
855 740 975 782 haud
993 739 1176 782 dubium
1196 739 1304 782 mihi
1323 740 1511 792 uidetur,
1535 740 1640 793 quin
1657 740 1726 783 ille
1748 741 1811 782 De
1837 742 1953 783 Viris

147 807 390 850 lacustribus
405 807 642 849 non-fuerit
657 814 807 849 noster
823 808 886 848 De
902 807 1197 850 Grammaticis
1213 812 1250 848 et
1265 807 1511 849 Rhetoribus
1527 808 1603 849 sed
1619 807 1730 850 alter
1746 807 1816 850 ille
1833 808 1953 850 libel-

67 882 71 886 '
147 874 216 917 lus
233 875 299 917 Do
322 874 439 917 Viris
457 875 701 916 Inus-tribus
718 874 875 916 incerti
894 875 1101 926 auctoris,
1123 874 1198 927 qui
1218 887 1333 915 nunc
1347 874 1479 928 uulgo
1492 874 1640 916 Aureli
1653 875 1840 917 Victoris
1854 889 1954 928 ope-

147 941 268 984 ribus
286 941 576 995 coniungitur.
636 941 780 983 Huius
801 942 997 995 opusculi
1017 941 1186 984 codices
1206 941 1360 983 altiore
1381 942 1662 995 inquisitione
1692 955 1953 995 magnopere

149 1015 290 1062 egent.
349 1009 404 1050 In
427 1008 554 1062 longe
578 1008 776 1063 plurimis
801 1009 1024 1051 codicibus
1047 1008 1217 1051 libellus
1244 1009 1293 1051 C.
1322 1009 1463 1050 Plinio
1489 1009 1688 1051 Secundo
1713 1009 1781 1051 uel
1807 1010 1954 1051 Plinio

147 1075 552 1120 oraton-Veronensi
571 1075 801 1128 addicitur,
833 1076 908 1118 sed
929 1089 1064 1118 unum
1084 1076 1243 1118 librum
1264 1076 1611 1130 manuscriptum
1631 1077 1791 1118 saeculi
1812 1076 1955 1129 quinti

147 1141 306 1187 decimi
321 1143 517 1186 Suetonii
529 1144 780 1197 Tranquilli
797 1157 958 1186 nomen
975 1143 1253 1186 exhibentem
1271 1143 1426 1185 noui.⁴⁸
1459 1144 1584 1186 Idem
1601 1150 1751 1186 autem
1770 1157 1954 1198 opuscu-

147 1210 239 1254 lum
255 1210 465 1254 Suetonio
479 1211 740 1253 attribuitur
754 1211 799 1252 in
815 1211 970 1265 Angeli
986 1211 1135 1253 Sabini
1150 1212 1379 1264 paradoxis
1393 1212 1442 1252 in
1460 1212 1711 1253 quenalem
1728 1213 1896 1253 Romae
1911 1224 1951 1253 a.

151 1277 259 1321 1474
272 1277 453 1320 editis.⁴⁹
483 1278 635 1320 Talem
652 1278 787 1320 etiam
807 1272 1001 1320 codicem
1019 1278 1199 1320 Suetoni
1214 1278 1381 1319 nomini
1396 1278 1625 1321 addictum
1641 1279 1813 1321 saeculo
1830 1279 1955 1332 quin-

147 1352 197 1389 to
213 1345 382 1389 decimo
397 1345 443 1387 in
462 1346 697 1388 Germania
713 1345 847 1388 fuisse
865 1346 1084 1388 Francisci
1101 1345 1339 1399 Pizolpassi
1357 1345 1426 1388 die
1442 1347 1577 1388 XVII
1595 1346 1753 1388 mensis
1772 1347 1956 1388 Decem-

147 1412 237 1456 bris
273 1425 314 1455 a.
341 1413 445 1455 1432
486 1413 670 1455 Nicolao
708 1413 883 1455 Cusano
923 1413 1151 1455 scribentis
1192 1413 1326 1454 uerba
1359 1413 1658 1455 demonstrare
1698 1413 1904 1455 uidentur
1913 1411 1956 1454 :⁵⁰

149 1477 248 1522 “Tu
266 1493 441 1534 quoque
459 1480 665 1522 memorie
683 1481 846 1522 habeto
865 1487 916 1522 ut
934 1481 1174 1522 habeamus
1193 1480 1364 1522 codices
1380 1481 1476 1522 illos
1494 1481 1690 1523 Suetonii
1715 1481 1956 1534 Tranquilli

148 1554 402 1601 ceterosque
415 1547 525 1590 alios
538 1549 588 1590 de
601 1549 712 1589 uiris
726 1548 962 1589 illustribus
977 1548 1230 1602 ducibusque
1245 1548 1368 1590 iuxta
1383 1548 1558 1591 firmata
1574 1549 1787 1590 dudum.''

232 1614 364 1657 Nunc
378 1614 436 1656 ad
449 1615 639 1657 Pontani
655 1615 970 1667 testimonium,
987 1615 1106 1668 quod
1121 1628 1254 1668 supra
1267 1629 1310 1668 p.
1330 1617 1380 1656 19
1396 1615 1573 1657 exhibui
1587 1615 1859 1657 redeundum
1873 1622 1954 1657 est.

149 1681 272 1735 Quae
286 1681 341 1724 de
356 1681 553 1724 Sicconio
569 1682 813 1724 Polentono
829 1682 1047 1724 Patauino
1063 1689 1108 1724 et
1124 1682 1178 1724 de
1193 1695 1244 1723 ea
1259 1689 1386 1735 parte
1401 1683 1543 1736 operis
1559 1683 1827 1735 Suetoniani‚
1846 1695 1957 1735 quae

148 1755 244 1792 ent
263 1749 323 1792 de
346 1749 594 1791 oratoribus
618 1762 670 1791 ac
694 1749 851 1803 poetis,
877 1750 935 1791 ab
961 1763 1012 1791 eo
1038 1750 1269 1791 combusta
1295 1757 1487 1792 testatur
1511 1750 1596 1802 ille,
1624 1750 1743 1791 omni
1769 1750 1956 1792 ueritate

149 1827 293 1859 carere
304 1815 541 1859 iudicanda
554 1823 672 1858 sunt.
702 1817 820 1858 Nam
836 1817 1102 1859 Polentonus
1118 1824 1168 1859 ut
1183 1817 1271 1858 tale
1286 1817 1423 1859 scelus
1438 1817 1693 1859 admitteret
1708 1818 1780 1859 uix
1795 1817 1957 1859 adduc-

149 1890 223 1926 tus
237 1889 351 1926 esset
369 1883 452 1925 nisi
470 1896 535 1935 ea,
556 1896 668 1938 quae
685 1884 731 1925 in
749 1897 828 1925 suo
845 1884 957 1926 libro
971 1884 1035 1926 De
1052 1885 1335 1938 Scriptoribus
1357 1886 1383 1925 I
1384 1885 1600 1926 llustribus
1611 1885 1914 1938 componendo
1932 1897 1958 1926 a

151 1949 360 1994 Suetonio
376 1949 550 1993 furatus
566 1957 694 2003 esset,
715 1958 857 2004 tegere
877 1951 1104 2003 uoluisset;
1123 1951 1198 1993 sed
1217 1965 1317 1993 eum
1336 1965 1389 1993 ne
1409 1952 1635 1994 minimam
1656 1952 1832 2004 quidem
1854 1953 1957 1993 Sue—

151 2017 245 2060 toni
275 2016 480 2060 notitiam
509 2017 712 2060 habuisse
743 2018 1036 2060 Ritschelius⁵¹
1065 2019 1299 2072 specimine
1330 2019 1428 2061 libri
1453 2019 1544 2060 eius
1580 2019 1753 2073 prolato
1780 2019 1959 2061 demon·

150 2084 323 2127 strauit.
381 2085 479 2127 Hoc
503 2085 635 2139 igitur
660 2085 936 2127 mendacium
956 2085 1063 2127 nihil
1087 2086 1144 2127 ad
1171 2092 1367 2128 nostram
1392 2100 1483 2128 rem
1508 2087 1712 2140 pertinet,
1740 2087 1823 2128 nisi
1842 2086 1959 2138 quod

151 2164 325 2195 monere
341 2152 485 2204 debet,
501 2165 556 2195 ne
574 2153 776 2195 Pontano
795 2153 898 2195 testi
915 2153 1094 2195 nimiam
1112 2153 1243 2195 fidem
1263 2154 1519 2196 tribuamus.

234 2219 350 2272 Quid
367 2226 518 2262 autem
536 2219 591 2262 de
609 2220 763 2262 ceteris
782 2233 808 2262 a
828 2221 1030 2263 Pontano
1048 2221 1232 2274 prolatis
1250 2221 1532 2262 iudicandum
1552 2222 1642 2263 est?
1702 2222 1798 2262 Hoc
1819 2221 1959 2262 cuiuis

150 2285 293 2340 primo
310 2285 473 2329 obtutu
491 2299 700 2341 apparere
719 2287 864 2340 debet,
886 2289 1136 2330 Pontanum
1155 2288 1322 2330 nullam
1341 2289 1657 2330 accuratiorem
1676 2288 1885 2330 notitiam
1906 2287 1959 2329 de

150 2352 300 2396 codiee
329 2353 624 2396 Hersfeldensi
654 2354 872 2406 habuisse,
906 2368 1006 2397 cum
1037 2356 1110 2397 hos
1139 2356 1311 2407 libellos,
1345 2356 1508 2398 scilicet
1539 2356 1684 2397 Taciti
1716 2356 1958 2408 Dialogum,

151 2419 436 2474 Germaniam,
458 2421 639 2464 Suetoni
658 2421 967 2475 fragmentum,
989 2422 1044 2463 ab
1066 2422 1218 2464 Enoch
1238 2423 1457 2464 Asculano
1476 2437 1614 2477 nuper
1633 2423 1897 2464 adinuentos
1917 2429 1962 2464 et

151 2487 198 2530 in
212 2487 355 2531 lucem
371 2488 532 2531 relatos
551 2495 733 2541 testans,
752 2488 860 2530 nihil
877 2490 1056 2531 omnino
1074 2490 1128 2531 de
1146 2491 1343 2543 Agricola
1361 2490 1530 2543 dixerit,
1551 2503 1664 2543 quae
1683 2496 1832 2532 tamen
1851 2489 1961 2531 eius-

152 2553 253 2597 dem
282 2554 444 2598 codicis
475 2555 794 2598 Hersfeldensis
823 2569 926 2610 pars
955 2563 1064 2599 erat.
1125 2558 1222 2609 Quo
1253 2558 1388 2599 etiam
1418 2558 1510 2599 iure
1541 2557 1714 2599 credere
1743 2556 1962 2610 possimus

153 2622 406 2677 Pontanum
421 2622 608 2677 Neapoli
624 2623 855 2676 degentem
869 2623 996 2677 plura
1011 2624 1064 2666 de
1079 2624 1200 2666 libris
1215 2625 1271 2666 ab
1289 2624 1442 2666 Enoch
1456 2625 1692 2678 reportatis
1707 2624 1963 2677 cognouisse

153 2701 288 2742 quam
312 2689 560 2744 Aurispam‚
589 2690 797 2733 Carolum
822 2691 875 2733 de
902 2691 1102 2743 Medicis,
1129 2692 1325 2745 aliosque
1351 2692 1426 2745 qui
1453 2694 1620 2734 Romae
1647 2691 1962 2734 uersabantur?

153 2755 283 2809 Quid,
311 2756 429 2810 quod
455 2758 681 2799 Pon-tanus
707 2757 753 2799 in
778 2757 926 2800 codice
951 2771 1031 2800 suo
1056 2758 1276 2801 exarando
1304 2759 1484 2801 titulum
1510 2761 1573 2800 De
1598 2759 1896 2800 Grammaticis
1923 2763 1959 2799 el

241 2890 271 2912 ⁴⁸
283 2889 404 2927 coda
415 2890 776 2935 Matlboroughianus
789 2891 1075 2928 Blenheimensis.
1121 2892 1211 2928 Vide
1223 2892 1317 2928 infra
1329 2904 1366 2938 p.
1381 2893 1437 2937 29,
1452 2893 1534 2928 adn.
1554 2894 1583 2928 l.

243 2949 273 2972 ⁴⁸
283 2949 342 2985 Ad
354 2949 428 2986 Sat.
442 2950 473 2994 1,
487 2950 539 2994 11,
552 2950 624 2995 111,
637 2951 690 2986 VI
703 2950 726 2986 1.
741 2951 820 2995 308,
834 2951 937 2986 VIII.
964 2951 1148 2988 Osannum
1162 2952 1405 2996 Rothiumque
1418 2957 1580 2987 auctores
1594 2963 1731 2995 sequor,
1746 2963 1828 2987 cum
1843 2951 1965 2986 Sabini

152 3004 283 3041 libi-um
295 3004 425 3042 habere
437 3016 510 3042 non
521 3005 709 3051 potuerim.

241 3065 271 3088 ⁸⁰
281 3064 389 3110 Apud
401 3065 669 3110 Sabbadinium‚
683 3066 838 3110 Scopam
852 3067 891 3102 11
903 3078 939 3112 p.
958 3067 1010 3103 18.
1057 3067 1294 3103 Sabbadinius
1307 3067 1452 3112 aliquod
1466 3067 1724 3103 Hersieldensis
1737 3066 1869 3103 codicis
1881 3077 1966 3111 apo-

153 3119 312 3165 graphon
323 3120 515 3166 Pizolpassi
526 3122 644 3157 uerbis
655 3121 853 3166 significari,
865 3123 974 3158 uerba
985 3128 1107 3158 autem
1117 3128 1300 3168 ceterosque
1310 3124 1397 3159 alios
1407 3124 1448 3159 de
1458 3124 1548 3159 uiris
1559 3123 1749 3159 illustribus
1759 3123 1967 3165 ducibusque

153 3175 201 3211 ad
214 3176 331 3212 Taciti
342 3187 450 3222 opera
461 3177 598 3213 minora
610 3178 780 3222 repsieere
792 3183 910 3223 putat.
956 3179 1060 3223 Quod
1073 3179 1261 3214 uerisimile
1273 3190 1345 3215 non
1357 3179 1472 3215 credo.

242 3236 267 3258 ⁸¹
278 3236 417 3280 Para-g.
433 3236 453 3271 1
462 3247 498 3281 p.
510 3237 575 3271 632
587 3247 664 3280 sqq.
711 3237 800 3272 Vide
810 3242 848 3272 et
859 3237 1194 3282 Reifferscheidium,
1204 3239 1339 3282 Quaesl.
1352 3239 1445 3274 Suet.
1456 3250 1491 3283 p.
1504 3239 1582 3274 364.
