2340 3840
415 349 454 382 12
741 349 807 382 DE
825 349 1116 383 FRAGMENTI
1133 349 1428 384 SVETONIANI
1443 350 1511 384 DE
1528 350 1873 386 GRAMMATICIS
2122 352 2198 395 1512

418 460 630 501 monacho
656 467 705 502 ut
730 461 798 502 vel
823 461 913 514 ipse
939 474 1083 502 secum
1109 461 1294 503 deferret
1323 460 1442 510 (nam
1467 462 1603 504 credit
1627 476 1672 504 se
1696 462 1937 504 rediturum
1961 462 2101 515 brevi)
2128 464 2198 506 vel

416 540 491 580 per
512 527 644 568 alium
667 527 928 568 monachum
950 534 1119 569 curaret
1142 527 1438 579 deferendum
1460 528 1567 570 alios
1587 528 1692 570 iussi
1714 529 1758 571 N
1760 529 2061 582 urimbergam,
2083 529 2199 578 hunc

417 607 518 635 vero
542 595 728 634 Romam
750 594 961 647 proficisci
984 600 1102 635 recta
1124 594 1209 645 via,
1234 601 1277 636 et
1299 594 1363 636 ita
1385 608 1430 636 se
1452 594 1671 636 facturum
1693 595 1867 648 recepit.
1927 597 2093 638 Romae
2113 596 2201 650 pri·

418 659 486 701 die
525 659 610 701 kal.
642 661 738 701 Iun.
773 659 829 710 (a.
864 659 1034 710 1427).”
1095 661 1247 701 Mense
1288 661 1530 713 Septembri
1558 661 1749 703 eiusdem
1777 661 1880 703 anni
1912 660 2057 713 (1427)
2088 663 2197 716 Pog-

417 726 510 778 gius
534 727 773 767 Cornelium
800 727 990 767 Tacitum
1013 726 1155 767 adhuc
1178 727 1455 779 expectabat:
1514 727 1611 769 “De
1636 727 1835 769 Cornelio
1857 727 2013 769 Tacito
2036 727 2112 781 qui
2132 734 2200 771 est

417 792 461 833 in
485 793 715 834 Germania
735 792 795 833 nil
814 793 971 843 sentio;
1002 799 1181 845 expecto
1212 806 1465 846 responsum
1495 794 1550 834 ab
1581 793 1654 834 illo
1684 793 1913 835 monacho.
1933 827 1941 835 .
1960 827 1968 835 .
1987 827 1996 836 .
2061 793 2198 837 Omisi

416 859 527 900 hanc
550 872 698 900 curam
720 859 927 900 librorum
949 859 1196 900 absentium
1218 865 1262 900 et
1284 860 1341 900 ad
1363 873 1435 901 eos
1459 859 1532 912 qui
1554 860 1715 901 adsunt
1737 860 1862 901 nobis
1884 860 2078 902 animum
2099 873 2201 903 con·

417 925 546 975 verti;
582 938 684 966 nam
720 925 779 966 nil
814 925 945 966 audio
980 932 1151 978 praeter
1184 925 1436 967 fabulas.”¹⁰
1510 926 1623 978 Quin
1659 926 1791 968 etiam
1826 939 1942 968 anno
1975 927 2065 969 fere
2098 933 2199 981 post

418 991 602 1044 Poggius
636 992 742 1032 nihil
776 991 878 1033 noui
910 999 1160 1044 perceperat
1194 999 1238 1033 et
1272 992 1324 1033 de
1356 991 1476 1033 libris
1509 992 1697 1034 Taciteis
1730 993 2031 1045 conquirendis
2062 1000 2201 1046 paene

418 1058 663 1110 desperasse
686 1058 877 1100 uidetur:
908 1058 934 1078 “
944 1090 1091 1100 ......
1105 1058 1326 1100 Cornelius
1349 1059 1527 1100 Tacitus
1549 1059 1646 1100 silet
1667 1059 1779 1100 inter
1803 1059 2040 1101 Germanos
2061 1071 2200 1112 neque

417 1125 649 1176 quicquam
670 1124 821 1166 exinde
841 1124 944 1166 novi
964 1124 1135 1177 percepi
1155 1125 1207 1166 de
1228 1124 1318 1165 eius
1339 1125 1624 1177 operibus.''¹¹

503 1191 701 1243 Denique
729 1191 982 1243 insequente
1011 1203 1126 1232 anno
1158 1189 1302 1241 (1429)
1334 1191 1572 1232 monachus
1602 1193 1788 1233 Romam
1815 1191 1974 1232 iterum
2002 1191 2128 1234 rediit
2157 1198 2201 1234 et

418 1257 508 1298 sine
533 1257 656 1308 libro,
683 1264 733 1298 ut
760 1257 944 1310 Poggius
969 1257 1014 1298 in
1039 1257 1225 1310 epistula
1251 1259 1416 1299 Romae
1442 1258 1511 1299 die
1534 1258 1689 1300 XXVI
1715 1257 1873 1299 mensis
1899 1257 2120 1300 Februarii
2143 1257 2202 1300 ad

419 1323 650 1365 Nicolaum
677 1324 782 1365 data
809 1323 1020 1376 queritur:
1079 1323 1104 1343 “
1116 1357 1262 1365 ......
1274 1324 1519 1365 Monachus
1546 1324 1860 1366 Hersfeldensis
1886 1323 2008 1366 venit
2033 1323 2202 1377 absque

418 1389 527 1431 libro
547 1390 820 1442 multumque
839 1396 904 1431 est
923 1403 950 1431 a
969 1404 1037 1431 me
1056 1389 1302 1443 increpatus
1322 1391 1377 1431 ob
1398 1403 1493 1432 eam
1513 1403 1702 1432 causam.
1752 1390 2028 1432 Asseveravit
2049 1403 2095 1432 se
2113 1388 2202 1432 cito

418 1455 658 1498 rediturum
690 1455 810 1506 (nam
837 1457 980 1509 litigat
1008 1457 1181 1498 nomine
1209 1455 1476 1506 monasterii)
1507 1463 1552 1498 et
1578 1463 1857 1510 portaturum
1883 1457 2056 1498 librum.
2117 1457 2203 1498 Ro·

418 1522 538 1575 gavit
556 1536 623 1564 me
641 1523 797 1564 multa:
855 1523 941 1564 dixi
958 1537 1026 1564 me
1043 1523 1103 1564 nil
1119 1523 1338 1564 facturum
1355 1523 1435 1564 nisi
1451 1523 1609 1564 librum
1626 1523 1894 1565 haberemus
1954 1522 2061 1564 Ideo
2078 1535 2202 1576 spero

418 1595 461 1630 et
476 1589 598 1630 illum
614 1603 691 1630 nos
706 1589 946 1640 habituros,
964 1589 1066 1642 quia
1081 1596 1176 1642 eget
1191 1589 1340 1631 favore
1356 1590 1549 1631 nostro.''
1566 1590 1595 1614 ¹²

501 1656 569 1697 De
598 1655 680 1696 hoc
710 1656 855 1697 codice
886 1655 1178 1697 Hersfeldensi
1208 1656 1267 1697 nil
1297 1656 1482 1708 amplius
1511 1656 1557 1696 in
1587 1656 1719 1708 Poggi
1749 1655 1945 1708 epistulis
1975 1655 2199 1708 reperitur.

418 1721 627 1773 Quamuis
654 1722 838 1774 Poggius
865 1722 918 1763 de
944 1722 1162 1763 uolumine
1189 1722 1368 1764 Taciteo
1394 1722 1686 1775 conquirendo
1713 1722 1960 1775 desperasse
1985 1721 2200 1772 uideatur,

419 1788 625 1830 Nicolaus
647 1788 700 1830 de
723 1788 886 1829 Nicolis
909 1789 1078 1829 duobus
1101 1788 1225 1830 annis
1246 1795 1348 1841 post
1370 1788 1436 1829 his
1458 1788 1638 1841 aliisque
1660 1788 1876 1841 opusculis
1897 1787 2112 1830 habendis.
2130 1800 2202 1829 ne-

417 1855 583 1907 gotium
615 1855 749 1896 dedit.
808 1856 994 1897 Ineunte
1025 1868 1141 1896 anno
1176 1857 1276 1896 1431
1312 1855 1507 1896 Iulianus
1541 1854 1761 1896 Caesarini
1792 1853 2021 1896 cardinalis
2053 1853 2202 1896 Sancti

417 1921 569 1974 Angeli
589 1921 827 1963 comitante
847 1921 1076 1963 secretario
1095 1921 1228 1963 Lucio
1250 1921 1470 1974 Spoletino
1490 1921 1657 1974 legatus
1676 1920 2014 1974 pontificalis-ad
2032 1919 2202 1973 expedi·

418 1987 581 2029 tionem
600 1995 752 2030 contra
772 1988 975 2029 Hussitos
994 1988 1308 2030 instituendam
1327 1988 1372 2028 in
1393 1988 1671 2030 Germaniam
1690 1987 1910 2040 profectus
1928 1993 2008 2028 est.
2019 1986 2052 2012 ¹⁸
2087 1987 2201 2028 Item

417 2054 623 2096 Nicolaus
644 2054 867 2107 Albergati
888 2055 1072 2096 Sanctae
1095 2054 1244 2096 Crucis
1264 2054 1507 2105 cardinalis,
1529 2054 1766 2095 comitante
1786 2050 2014 2095 secretario
2034 2052 2204 2094 Thema

415 2121 738 2172 Parentucellio,
759 2121 832 2173 qui
849 2127 1001 2173 postea
1017 2120 1212 2173 pontifex
1229 2121 1441 2162 maximus
1459 2120 1663 2162 Nicolaus
1681 2121 1719 2162 V
1736 2126 1904 2161 creatus
1931 2125 2011 2170 est,
2037 2118 2204 2172 legatus

414 2187 672 2239 pontificalis
694 2187 739 2228 in
765 2187 948 2228 Galliam
972 2194 1038 2229 est
1061 2186 1264 2228 missus.¹⁴
1343 2188 1526 2228 Duobus
1549 2194 1696 2228 autem
1728 2185 2017 2228 cardinalibus
2038 2183 2204 2238 profec-

416 2254 522 2295 turis
539 2253 724 2295 indicem
739 2254 945 2294 librorum
961 2253 1349 2306 conquirendorum
1365 2253 1484 2295 dedit
1501 2253 1704 2295 Nicolaus
1718 2253 1771 2294 de
1784 2251 1959 2302 Nicolis,
1973 2251 2090 2304 quod
2101 2251 2205 2292 Am-

414 2319 580 2361 brosius
600 2320 900 2361 Trauersarius
921 2320 1110 2372 quadarn
1131 2320 1345 2373 epistula¹⁵
1375 2320 1431 2361 ad
1461 2320 1646 2361 eundem
1668 2319 1901 2360 Nicolaum
1921 2317 1967 2359 id
1989 2317 2199 2370 temporis

415 2399 591 2439 peregre
617 2387 879 2439 degentem¹⁶
905 2387 1152 2428 Florentiae
1177 2387 1246 2427 die
1270 2388 1383 2428 VIII
1408 2386 1568 2428 mensis
1593 2385 1694 2428 Iulii
1719 2384 1776 2432 (a.
1807 2382 1931 2435 1431)
1955 2384 2062 2425 data
2086 2396 2203 2424 com-

503 2486 531 2507 ¹⁰
543 2485 641 2520 Data
656 2486 790 2520 Romae
806 2486 838 2520 V
852 2484 923 2520 kal.
940 2485 1019 2520 Oct.
1036 2496 1069 2520 a.
1088 2483 1184 2520 1427.
1216 2484 1335 2528 Poggii
1350 2485 1462 2528 Epist.
1479 2484 1534 2520 ed.
1551 2485 1639 2520 Ton.
1657 2484 1676 2518 1
1691 2494 1725 2528 p.
1743 2483 1820 2526 213,
1836 2482 1911 2517 siue
1925 2481 2022 2527 apud
2036 2479 2203 2517 Michael.

414 2540 562 2584 Praesat.
579 2551 613 2584 p.
629 2541 734 2575 XXI.

505 2597 528 2617 ¹¹
539 2597 638 2631 Data
660 2597 795 2631 Romae
816 2595 874 2631 die
897 2596 954 2630 XI
968 2607 1015 2631 m.
1032 2595 1128 2639 Sept.
1144 2606 1177 2631 a.
1195 2596 1292 2630 1428.
1329 2595 1449 2638 Poggii
1464 2595 1576 2638 Epist.
1594 2595 1649 2630 ed.
1665 2595 1755 2629 Ton.
1771 2594 1790 2628 1
1803 2605 1839 2637 p.
1855 2593 1932 2636 218,
1947 2591 2024 2628 siue
2037 2590 2204 2627 Michael.

417 2651 565 2695 Praesat.
580 2663 616 2695 p.
631 2652 736 2686 XXI.

503 2708 529 2729 ¹²
541 2707 660 2750 Poggii
670 2707 782 2750 Epist.
794 2706 849 2742 ed.
862 2707 951 2741 Tou.
964 2707 983 2740 I
993 2718 1029 2750 p.
1042 2706 1118 2749 268,
1131 2706 1204 2741 siue
1215 2706 1380 2741 Michael.
1392 2706 1540 2750 Praesat.
1553 2717 1588 2750 p.
1600 2706 1724 2740 XXII.

504 2763 530 2785 ¹⁸
541 2762 744 2805 Sabbadini‚
756 2762 869 2797 Storia
881 2774 899 2797 e
911 2762 1037 2797 Critica
1049 2773 1083 2805 p.
1097 2762 1129 2796 3.
1176 2761 1278 2796 Bulla
1298 2761 1475 2805 pontificis
1494 2760 1636 2796 maximi
1657 2759 1807 2794 Martini
1818 2759 1851 2794 V
1861 2758 1928 2794 hoc
1939 2757 2120 2801 negotium
2129 2766 2204 2792 car-

415 2816 523 2852 dinali
535 2817 672 2852 Iuliano
683 2817 888 2852 confidentis
898 2817 954 2851 die
965 2818 1020 2851 XI
1032 2817 1160 2851 mensis
1171 2817 1324 2851 Ianuarii
1336 2828 1366 2851 a.
1384 2818 1465 2851 1431
1479 2821 1532 2851 est
1543 2816 1639 2851 data.
1674 2815 1799 2850 Mense
1810 2813 1945 2848 Martio
1955 2812 2110 2848 eiusdem
2119 2810 2204 2847 anni

417 2872 684 2915 Norimbergam
700 2872 772 2907 iam
786 2877 996 2917 peruentum
1012 2876 1098 2906 erat.

506 2929 531 2950 ¹⁴
543 2928 746 2971 Sabbadini‚
761 2929 874 2963 Storia
889 2940 906 2963 e
921 2928 1048 2962 Critica
1062 2939 1096 2971 p.
1113 2928 1145 2962 3.
1192 2928 1220 2961 F
1221 2926 1373 2969 antuzzi,
1388 2927 1542 2962 Scrittori
1555 2925 1734 2969 Bolognesi
1747 2926 1766 2959 I
1784 2924 1858 2959 120.
1910 2922 2013 2958 Bulla
2027 2921 2204 2967 pontificis

418 2982 560 3017 maximi
578 2983 711 3026 Eugeni
730 2984 780 3018 IV
792 2987 1004 3027 potestatem
1022 2981 1124 3017 huius
1141 2982 1322 3025 legationis
1339 2982 1498 3017 facientis
1515 2981 1571 3016 die
1582 2981 1766 3015 XXVIIII
1782 2978 1910 3014 mensis
1923 2977 2050 3022 Aprilis
2065 2988 2098 3012 a.
2120 2974 2202 3012 14'31

418 3037 504 3073 data
518 3043 583 3073 est.

507 3095 532 3115 ¹⁵
544 3093 757 3128 Traversarii
772 3094 883 3136 Epist.
900 3093 954 3128 ed.
972 3094 1097 3127 Petrus
1113 3093 1293 3127 Cannetus
1308 3093 1398 3126 VIII
1415 3092 1433 3125 2
1450 3103 1484 3136 p.
1502 3092 1580 3134 353,
1607 3091 1681 3126 siue
1696 3090 1792 3135 apud
1807 3087 2071 3130 Sabbadinium‚
2086 3087 2204 3122 storia

418 3160 435 3182 e
448 3148 576 3183 Critica
588 3160 623 3192 p.
639 3149 670 3183 2.

509 3205 533 3226 ¹⁰
546 3204 633 3238 Vide
648 3204 848 3246 Sabbadini‚
864 3205 949 3238 διον.
966 3215 982 3238 e
997 3203 1079 3238 Crit.
1095 3214 1131 3246 p.
1146 3204 1178 3237 3.
