2340 3840
402 355 444 389 24
732 354 800 388 DE
815 353 1110 397 FRAGMENTI
1125 353 1421 389 SVETONIANI
1435 354 1504 389 DE
1520 354 1866 391 GRAMMATICIS
2113 356 2190 399 [52⁴

403 466 646 507 Rhetoribus
666 466 710 507 in
731 466 794 506 De
820 465 935 507 Viris
955 467 982 507 I
982 466 1228 507 llustribus⁵²
1247 466 1311 508 ita
1331 466 1598 518 immutauit,
1621 473 1671 508 ut
1691 466 1748 508 ad
1770 466 1949 509 titulum
1969 467 2014 510 in
2034 467 2186 511 inuen-

406 532 516 574 tario
543 531 795 573 Enochiano
821 545 865 573 se
892 531 1205 574 conformaret?
1263 533 1420 574 Nonne
1445 532 1528 574 hoc
1553 546 1630 586 per
1655 546 1700 574 se
1725 533 1990 586 suspiciones
2016 547 2190 578 mouere

405 598 616 640 debebat?
665 598 806 650 Quare
828 597 946 640 haud
967 598 1094 651 longe
1116 611 1142 640 a
1164 611 1267 640 uero
1289 599 1487 641 aberrare
1509 598 1767 651 uidebimur,
1791 599 1827 641 si
1847 600 2188 645 iudicauerimus

405 666 653 706 Pontanum
675 664 780 706 nihil
801 664 854 706 de
876 664 1096 706 codicibus
1118 664 1173 706 ab
1197 664 1348 706 Enoch
1369 665 1516 707 relatis
1538 665 1710 707 nouisse
1731 665 1815 707 nisi
1836 679 1888 708 ea
1909 679 2020 719 quae
2039 666 2190 711 inuen-

406 730 565 773 tarium
592 730 892 772 Enochianum
917 737 1176 785 praestaret;
1213 731 1439 784 aliquanto
1464 738 1613 774 autem
1638 738 1740 785 post
1765 731 1872 774 illud
1897 732 2190 776 inuentarium

404 798 646 851 inspectum
677 797 867 840 codicem
900 797 1117 850 quendam
1148 798 1291 840 Taciti
1321 798 1559 851 Dialogum,
1590 798 1871 850 Germaniam,
1917 799 2097 843 Suetoni
2125 801 2190 842 De

405 864 696 906 Grammaticis
723 869 760 905 et
786 865 1029 905 Rhetoribus
1057 864 1417 917 complectentem
1445 865 1695 918 repperisse,
1725 864 1800 917 qui
1826 865 1962 908 codex
1989 878 2077 908 non
2103 865 2190 909 fuit

406 929 717 972 Hersfeldensis
739 929 1034 984 apographon,
1052 937 1101 972 ut
1117 930 1247 983 uulgo
1268 930 1463 982 credunt,
1481 930 1555 973 sed
1579 930 1716 973 tribus
1738 931 1893 973 saltem
1914 931 2119 985 gradibus
2132 932 2190 975 ab

405 1009 455 1038 eo
485 997 723 1038 remotu5.⁶⁸
779 997 908 1038 Hunc
939 997 1070 1050 igitur
1100 997 1291 1039 codicem
1321 996 1551 1050 inspiciens
1582 998 1819 1048 Pontanus,
1842 1004 1887 1040 et
1919 998 2098 1041 Suetoni
2126 1000 2191 1041 De

405 1063 696 1104 Grammaticis
724 1068 760 1104 et
787 1063 1031 1104 Rhetoribus
1059 1063 1424 1115 animaduertens‚
1456 1063 1661 1105 notitiam
1690 1076 1822 1116 quam
1850 1063 1904 1106 de
1932 1077 2060 1118 opere
2089 1065 2191 1108 Sue-

407 1129 585 1170 toniano
609 1130 671 1170 De
700 1130 815 1171 Viris
838 1131 864 1170 I
866 1130 1079 1170 llustribus
1103 1143 1154 1170 ex
1178 1129 1448 1182 Hieronymo
1471 1129 1664 1172 habebat
1688 1143 1788 1171 cum
1811 1143 1862 1172 ea
1886 1143 2019 1183 quam
2041 1130 2190 1174 inuen-

407 1195 565 1237 tarium
602 1195 901 1237 Enochianum
951 1195 990 1236 ei
1024 1195 1263 1248 praebebat
1298 1196 1569 1237 coniunxisse
1621 1194 1806 1248 uidetur,
1844 1202 1978 1250 atque
2028 1203 2190 1240 temere

405 1262 610 1303 statuisse
628 1262 749 1303 illum
768 1262 974 1313 libellum,
996 1262 1070 1314 qui
1090 1262 1290 1304 manibus
1309 1262 1397 1304 suis
1417 1262 1686 1314 uersabatur,
1708 1262 1777 1304 uel
1795 1262 1885 1304 eius
1903 1262 2190 1318 archetypum

405 1327 461 1369 ab
484 1327 634 1369 Enoch
656 1335 928 1382 reportatum
949 1342 1054 1370 esse.
1115 1329 1228 1370 Cum
1249 1335 1399 1370 autem
1419 1329 1563 1371 Taciti
1584 1330 1788 1382 Dialogus
1808 1336 1854 1371 et
1873 1330 2099 1372 Germania
2119 1343 2190 1373 eo-

405 1394 505 1436 dem
523 1394 670 1436 codice
689 1394 1027 1446 continerentur,
1048 1393 1154 1436 haec
1176 1408 1349 1447 quoque
1369 1395 1575 1448 opuscula
1595 1408 1713 1437 mera
1732 1395 1991 1448 coniectura,
2011 1396 2094 1438 nisi
2111 1396 2191 1440 fal-

405 1461 481 1512 lor,
498 1460 638 1502 eidem
653 1461 868 1503 inuentori
883 1461 1099 1503 attribuit.

487 1527 685 1568 Testium
703 1534 951 1569 nostrorum
968 1527 1022 1569 de
1039 1527 1149 1568 libro
1167 1527 1459 1569 Hersfeldensi
1477 1540 1632 1580 agmen
1648 1527 1824 1570 claudat
1841 1528 1976 1571 codex
1991 1528 2188 1582 Aesinus,

407 1592 481 1645 qui
494 1606 610 1634 anno
627 1594 731 1635 1902
745 1594 790 1635 in
804 1593 1067 1635 bibliotheca
1081 1593 1252 1635 comitis
1266 1594 1412 1635 Aureli
1428 1593 1629 1636 Guilelmi
1643 1594 1837 1636 Balleani
1850 1595 1982 1637 Aesi¹⁵⁴
1994 1602 2189 1649 repertus

405 1666 483 1702 est.
543 1659 626 1701 Hic
643 1660 790 1712 codex,
808 1660 930 1701 cuius
946 1660 1271 1702 accuratissima
1287 1660 1518 1713 descriptio
1534 1661 1580 1702 in
1595 1660 1726 1702 docta
1744 1661 1940 1703 Caesaris
1955 1661 2190 1705 Annibaldi

405 1726 771 1768 commentatione
793 1725 849 1776 (a.
872 1725 997 1777 1907)
1017 1726 1250 1779 inuenitur,
1269 1726 1373 1768 folia
1392 1725 1443 1768 76
1460 1727 1765 1780 complectens,
1785 1739 1970 1780 quorum
1987 1727 2189 1771 ultimum

406 1805 593 1834 uacuum
617 1799 684 1834 est
708 1793 923 1844 relictum,
949 1792 1055 1834 haec
1079 1805 1210 1846 opera
1234 1793 1293 1835 sic
1318 1800 1368 1835 ut
1394 1792 1514 1835 uides
1538 1793 1750 1847 disposita
1773 1793 1986 1837 continet:
2013 1793 2063 1836 ff.
2092 1795 2185 1837 1-51

405 1858 576 1910 Dictyis
604 1860 767 1900 Bellum
799 1861 1046 1911 Troianum,
1077 1858 1126 1901 ff.
1157 1860 1281 1901 52-65
1310 1860 1453 1901 Taciti
1479 1860 1731 1912 Agricolam,
1759 1859 1808 1902 ff.
1837 1859 1964 1902 66-75
1991 1860 2186 1903 eiusdem

404 1925 684 1967 Germaniam.
745 1926 994 1979 Scripturae
1013 1926 1199 1967 duarum
1217 1926 1485 1967 diuersarum
1503 1932 1701 1968 aetatum
1717 1927 1763 1968 in
1779 1925 1862 1968 hoc
1878 1926 2025 1968 codice
2041 1927 2190 1980 depre-

403 1990 666 2043 henduntur,
688 2005 790 2033 nam
812 1992 1127 2045 quinquaginta
1147 1992 1234 2033 duo
1254 1992 1371 2044 folia,
1394 1992 1593 2035 uidelicet
1613 1993 1722 2034 Belli
1745 1993 1921 2034 Troiani
1939 1992 1988 2035 ff.
2011 1994 2096 2046 5·8,
2121 1995 2190 2036 11·

404 2059 470 2109 50,
495 2059 711 2110 Agricolae
734 2058 783 2100 ff.
810 2060 949 2110 56-63,
975 2059 1234 2111 scripturam
1260 2059 1522 2110 Carolinam,
1548 2072 1659 2111 quae
1684 2066 1879 2111 uocatur,
1904 2059 2064 2102 saeculi
2086 2060 2189 2101 noni

403 2124 471 2165 uel
489 2124 643 2165 decimi
660 2138 763 2177 prae
781 2139 825 2166 se
843 2125 1005 2175 ferunt;
1024 2132 1166 2166 cetera
1186 2131 1333 2167 tamen
1349 2125 1454 2166 folia
1471 2126 1625 2178 uiginti
1654 2125 1751 2177 tria,
1769 2125 1932 2167 scilicet
1949 2126 2059 2167 Belli
2089 2127 2187 2168 Tro-

401 2191 495 2231 iani
511 2190 559 2231 ff.
582 2193 663 2242 1-4,
683 2192 795 2242 9-10,
814 2193 880 2243 51,
899 2192 1114 2243 Agricolae
1129 2191 1176 2232 ff.
1197 2193 1335 2243 52-55,
1355 2193 1494 2243 64-65,
1514 2205 1601 2233 una
1615 2205 1715 2233 cum
1731 2198 1826 2233 tota
1841 2192 2079 2244 Germania,
2097 2205 2188 2234 sae·

402 2257 486 2298 culi
503 2257 644 2309 quinti
660 2257 814 2298 decimi
831 2271 1009 2299 manum
1025 2258 1246 2310 detegunt.
1306 2260 1359 2299 In
1375 2259 1484 2299 Belli
1503 2259 1678 2299 Troiani
1702 2265 1826 2311 parte
1851 2258 2034 2311 antiqua
2057 2258 2188 2300 aliam

402 2336 579 2364 manum
594 2323 650 2364 ab
666 2337 716 2365 ea
732 2337 842 2376 quae
857 2331 958 2365 octo
973 2325 1190 2376 Agricolae
1205 2331 1353 2366 uetera
1367 2324 1470 2366 folia
1485 2324 1679 2366 exarauit
1693 2325 1873 2377 agnouit
1887 2324 2185 2376 Annibaldius,

402 2402 668 2441 quamquam
684 2397 869 2442 utraque
885 2390 1023 2432 eidem
1039 2391 1175 2432 aetati
1191 2390 1413 2432 referenda
1428 2391 1498 2432 sit.
1558 2391 1678 2432 Folia
1692 2398 1840 2432 autem
1855 2391 2026 2432 nouicia
2039 2391 2187 2433 omnia

400 2455 539 2497 eidem
554 2457 702 2497 manui
718 2457 979 2498 uindicanda
992 2457 1132 2498 iudice
1147 2457 1410 2498 Annibaldio
1424 2470 1450 2498 a
1466 2457 1686 2510 Stephano
1703 2457 1942 2500 Guarnerio
1955 2457 2186 2499 Auximate

400 2529 502 2563 sunt
523 2522 734 2564 confecta.
794 2524 953 2564 Omnes
976 2530 1124 2565 autem
1145 2524 1329 2576 paginae
1350 2530 1394 2565 et
1416 2524 1622 2575 antiquae
1644 2529 1688 2565 et
1723 2523 1948 2576 suppletae
1967 2523 2094 2565 binas
2113 2536 2184 2566 co-

399 2588 570 2630 lumnas
590 2588 767 2640 habent,
790 2589 903 2631 unde
922 2596 1094 2642 partem
1110 2602 1270 2630 nouam
1290 2589 1346 2630 ad
1366 2590 1656 2631 imitationem
1676 2589 1926 2631 uetustioris
1955 2589 2180 2643 archetypi

399 2654 668 2707 dispositam,
693 2662 838 2708 atque,
863 2662 914 2697 ut
936 2656 1171 2697 Annibaldi
1193 2663 1259 2697 est
1282 2656 1511 2707 sententia,
1536 2670 1587 2697 ex
1609 2655 1800 2697 eiusdem
1822 2655 2048 2709 archetypi
2071 2654 2184 2697 foliis

399 2734 512 2762 nunc
533 2721 767 2774 deperditis
790 2722 1097 2775 transcriptam
1116 2736 1208 2764 esse
1228 2729 1416 2763 constat.
1476 2721 1834 2773 Quattuordecim
1853 2721 2070 2773 foliorum,
2091 2722 2185 2774 qui-

398 2787 479 2828 bus
506 2789 701 2840 Agricola
726 2788 986 2840 continetur,
1016 2789 1157 2841 prima
1185 2795 1396 2840 quattuor
1423 2788 1593 2830 nouicia
1620 2795 1736 2839 sunt,
1765 2794 2005 2840 sequuntur
2036 2794 2184 2830 autem

398 2859 497 2894 octo
522 2853 626 2895 folia
646 2861 793 2896 uetera
812 2855 858 2896 in
878 2868 1010 2896 unam
1031 2855 1358 2907 quaternionem
1379 2854 1606 2907 disposita;
1626 2854 1713 2896 duo
1733 2853 1887 2895 deinde
1907 2853 2062 2896 ultima
2080 2853 2184 2896 folia

398 2926 499 2960 sunt
521 2921 703 2962 nouicia.
764 2921 932 2962 Folium
953 2922 1019 2972 69,
1042 2921 1087 2962 in
1109 2934 1195 2973 quo
1215 2921 1462 2962 Germaniae
1481 2933 1582 2973 pars
1603 2915 1764 2973 scripta
1783 2926 1863 2971 est,
1886 2926 1931 2961 et
1952 2919 2109 2962 folium
2132 2919 2183 2962 76

482 3041 511 3064 Β
522 3040 641 3076 Codex
653 3040 842 3085 Leidensis,
856 3041 955 3077 cuius
967 3041 1198 3085 archetypum
1211 3041 1369 3076 exarauit
1382 3042 1575 3084 Fontanus,
1589 3040 1683 3075 solus
1695 3040 1788 3075 inter
1799 3044 1937 3075 nostros
1949 3039 2086 3076 codices
2099 3040 2184 3076 titu-

394 3094 469 3130 lum
483 3095 536 3130 De
554 3096 648 3131 Viris
660 3097 856 3132 Illas-tribus
870 3096 989 3132 habet.

482 3151 510 3173 ⁵⁸
521 3150 610 3185 Vide
620 3150 712 3186 infra
723 3162 758 3195 p.
775 3152 837 3186 122
850 3163 928 3196 sqq.

483 3207 509 3227 ⁵⁶
520 3206 564 3240 Id
579 3210 634 3241 est
648 3206 818 3250 oppidum
832 3208 860 3242 J
861 3208 912 3242 esi
925 3207 1127 3251 prouinciae
1141 3206 1395 3242 Anconitanae.
