2340 3840
118 333 197 377 ⁵⁷⁹1
519 332 583 366 ET
599 331 911 366 RHETORIBVS
927 329 1154 365 CODICVM
1172 329 1310 364 NEXV
1326 329 1390 363 ET
1407 329 1524 364 FIDE
1884 327 1927 363 79

120 445 310 491 Gellium
327 444 563 487 inuenitur.
604 443 720 496 Quid
738 443 783 484 in
804 442 1100 484 Hersfeldensi
1117 441 1229 483 libro
1249 448 1418 484 extaret
1438 455 1526 483 non
1544 441 1698 495 liquet,
1719 442 1796 483 sed
1815 441 1923 484 illud

117 513 372 556 :redimunt
399 511 641 565 archetypo
670 510 874 552 abdicare
904 509 976 550 uix
1005 522 1196 562 possum.
1258 509 1361 549 Non
1391 508 1519 550 uideo
1548 521 1625 549 cur
1655 521 1804 550 omnes
1835 514 1923 550 tres

119 578 356 624 uarietates
375 579 652 620 indixerunt:
671 578 769 619 item
791 577 1007 618 dixerunt:
1036 576 1251 616 edixerunt
1273 575 1318 616 in
1341 574 1637 616 Hersfeldensi
1657 575 1768 616 libro
1789 575 1922 617 fuisse

117 660 207 690 non
217 644 509 701 potuerint.¹²¹

205 713 256 756 C.
278 713 333 755 29
351 710 413 766 (p.
439 711 534 763 125,
555 709 597 763 4)
620 710 786 763 aliquid
808 710 951 751 adfert
975 708 1206 751 Suetonius
1228 723 1251 750 e
1276 708 1494 750 Ciceronis
1517 707 1760 760 Philippica
1783 709 1830 749 II
1851 709 1920 750 42.

119 779 252 834 Apud
273 778 527 822 Ciceronem
547 778 667 820 locus
690 777 750 819 sic
772 776 943 830 incipit:
969 776 1028 817 At
1048 789 1147 819 uero
1171 775 1339 817 adhibes
1361 776 1445 817 ioci
1466 787 1609 816 causa.
1663 776 1716 815 In
1741 775 1922 817 Suetoni

119 847 366 902 fragmento
388 851 487 888 tota
508 844 675 887 familia
699 841 734 886 Y
770 844 867 885 Tibi
889 848 927 885 et
949 844 1032 885 ioci
1055 842 1229 883 causa12²
1257 855 1397 895 parua
1419 841 1577 883 lacuna
1600 841 1772 894 saepius
1795 844 1919 894 prae-

120 913 252 957 missa
268 919 476 964 testatur3
494 909 548 954 W
565 918 716 954 autem
738 912 834 953 tibet
851 911 935 952 ioci
960 923 1089 951 causa
1108 915 1206 951 toto
1223 909 1311 951 fere
1331 922 1459 950 uersu
1477 908 1764 961 praecedente
1783 921 1923 950 uacuo

121 980 272 1024 relicto
288 979 477 1022 exhibet.
522 978 744 1021 Librarius
762 974 800 1019 O
818 978 915 1019 tibet
933 977 1050 1030 quod
1067 976 1111 1017 in
1129 976 1363 1028 exemplari
1382 973 1418 1016 X
1434 975 1604 1017 inuenit
1621 975 1799 1017 omnino
1817 975 1924 1017 omi-

119 1047 179 1091 sit
198 1046 344 1102 spatio
363 1059 504 1088 uacuo
527 1045 720 1098 quinque
738 1045 826 1086 fere
850 1044 1099 1086 litterarum
1119 1043 1282 1084 relicto.
1331 1043 1475 1084 Verba
1497 1043 1555 1083 At
1573 1055 1671 1084 uero
1692 1042 1924 1095 Suetonius

122 1113 324 1158 consulto
341 1113 543 1156 omittere
559 1112 722 1167 potuit,
742 1118 786 1154 et
805 1111 887 1152 uiri
905 1111 1024 1153 docti
1041 1116 1158 1152 recte
1178 1110 1414 1151 Adhibes¹²⁸
1431 1109 1579 1163 potius
1598 1122 1732 1162 quam
1752 1110 1810 1150 At
1827 1122 1925 1151 uero

123 1181 294 1224 adhibes
323 1179 564 1223 restituisse
593 1179 812 1221 uidentur.
875 1177 1046 1220 Codicis
1078 1174 1130 1218 W
1160 1176 1291 1219 lectio
1319 1178 1415 1218 tibet
1445 1176 1657 1229 genuinae
1686 1175 1926 1229 scripturae

121 1247 302 1302 propius
317 1247 488 1290 accedit
506 1259 639 1300 quam
663 1246 760 1288 Tibi
776 1251 826 1297 et,
845 1258 986 1298 neque
1004 1244 1236 1297 quisquam
1252 1245 1348 1285 tibet
1366 1242 1661 1285 Hersfeldensi
1677 1243 1788 1284 libro
1805 1242 1926 1285 abiu-

125 1315 269 1358 dicare
288 1313 535 1357 audebit.¹²⁴

203 1380 292 1423 Alii
304 1387 409 1423 sunt
422 1381 508 1423 loci
522 1380 598 1422 ubi
612 1380 732 1422 nulla
747 1379 941 1421 subsidia
956 1378 1081 1420 nobis
1097 1378 1273 1429 adsunt,
1290 1377 1374 1419 nisi
1389 1390 1440 1419 ea
1456 1390 1568 1431 quae
1584 1383 1628 1419 et
1643 1376 1739 1430 ipsa
1754 1384 1926 1419 senten-

120 1449 185 1492 tia
218 1455 265 1492 et
298 1448 480 1491 Suetoni
513 1454 558 1490 et
592 1446 819 1489 uniuersae
852 1446 1026 1499 linguae
1059 1445 1244 1487 Latinae
1279 1458 1382 1486 usus
1417 1444 1590 1486 dicendi
1623 1443 1924 1497 suppeditant.

121 1515 293 1558 Primus
311 1514 570 1558 tractandus
588 1520 656 1556 est
673 1513 744 1556 ille
761 1513 881 1556 locus
900 1512 1267 1566 corruptissimus,
1288 1525 1325 1554 c.
1346 1512 1370 1553 3
1390 1509 1451 1565 (p.
1475 1512 1568 1562 102,
1592 1512 1640 1552 13
1659 1508 1763 1565 sq.)‚
1782 1511 1926 1553 adhuc

122 1595 212 1626 non
240 1589 439 1634 sanatus,
471 1595 604 1637 quem
636 1580 1018 1623 Reifferscheidius
1048 1579 1112 1621 sic
1143 1578 1301 1621 edidit:
1333 1580 1384 1620 L.
1415 1578 1652 1632 Apuleium
1672 1574 1765 1628 abi*
1788 1579 1924 1632 Eficio

125 1649 310 1693 Caluino
331 1649 465 1704 equite
489 1650 680 1692 Romano
702 1648 937 1702 praediuite
958 1647 1259 1702 quadringenis
1282 1647 1442 1688 annuis
1464 1645 1711 1687 conductum
1731 1641 1754 1696 †
1777 1645 1927 1687 multos

121 1716 316 1769 edoceret,
339 1716 406 1759 ita
430 1722 482 1758 ut
505 1716 613 1758 haec
638 1715 774 1758 uerba
798 1728 824 1757 a
849 1719 1000 1756 constet
1028 1713 1074 1766 (1.
1099 1712 1167 1765 10)
1183 1713 1372 1767 pendere
1385 1712 1633 1754 uideantur.
1698 1712 1821 1754 Nihil
1833 1719 1928 1754 erat

121 1783 390 1827 haerendum
408 1783 456 1825 in
475 1783 651 1825 nomine
674 1783 824 1836 Eficio‚
844 1781 928 1823 nisi
949 1781 1068 1835 quod
1091 1781 1250 1834 Aeficio
1270 1780 1551 1824 scribendum
1572 1785 1680 1830 erat,
1703 1785 1753 1821 ut
1773 1786 1928 1833 postea

121 1850 304 1905 agnouit
325 1850 419 1905 ipse
442 1848 886 1892 Reifferscheidius.¹2⁵
931 1850 1223 1890 Transeamus
1246 1847 1379 1901 igitur
1402 1847 1460 1888 ad
1483 1859 1608 1888 ueras
1633 1846 1926 1889 difficultates

122 1917 316 1960 Verbum
330 1918 579 1960 conductum
594 1917 714 1958 nullo
730 1916 862 1958 modo
878 1930 900 1958 e
914 1915 1029 1960 libro
1046 1914 1342 1957 Hersfeldensi
1356 1904 1569 1967 profluere
1584 1913 1746 1966 potuit,
1763 1927 1867 1956 nam
1882 1913 1928 1954 in

122 1984 295 2030 duobus
311 1984 414 2028 solis
431 1984 654 2029 codicibus
674 1980 714 2025 G
737 1980 776 2031 Q
794 1983 1035 2034 inuenitur;
1052 1982 1099 2023 in
1117 1988 1305 2035 utroque
1323 1987 1474 2023 autem
1490 1979 1773 2033 interpolatio
1791 1981 1929 2022 mani-

122 2051 239 2094 festa
260 2058 341 2104 est,
364 2064 470 2094 nam
491 2048 532 2093 G
553 2051 756 2093 uoculam
777 2055 823 2092 ut
844 2056 948 2092 ante
969 2050 1119 2091 multos
1139 2048 1335 2100 inseruit,
1363 2045 1401 2096 Q
1426 2048 1560 2089 etiam
1578 2047 1753 2089 edoceret
1771 2047 1817 2089 in
1837 2048 1928 2090 edo-

123 2119 261 2161 cuisse
278 2118 486 2161 mutauit.
523 2118 707 2160 Familia
728 2114 764 2158 X
782 2114 840 2169 (O
861 2114 933 2168 W)
955 2123 999 2159 et
1017 2115 1208 2158 familiae
1227 2112 1263 2157 Y
1279 2115 1379 2156 libri
1396 2112 1438 2156 N
1456 2111 1476 2155 Ῑ
1497 2111 1535 2155 D
1555 2111 1590 2155 V
1610 2111 1642 2155 L
1660 2115 1928 2156 conductos¹²⁶

123 2185 382 2237 ostendunt3
400 2185 535 2228 codex
553 2182 603 2237 B,
624 2184 699 2239 qui
717 2184 911 2227 eiusdem
928 2183 1075 2237 stirpis
1094 2189 1160 2225 est
1178 2195 1230 2225 ac
1250 2179 1289 2223 D
1308 2179 1344 2223 V
1362 2178 1408 2233 L,
1428 2188 1473 2223 et
1493 2195 1642 2223 omnes
1660 2181 1761 2223 libri
1779 2181 1927 2235 stirpis

119 2268 150 2303 γ
174 2259 348 2307 praeter
376 2249 416 2301 Q
441 2249 715 2294 conduct'usffl
741 2251 961 2294 exhibent.
1013 2250 1247 2303 Duplicem
1270 2249 1404 2303 igitur
1428 2249 1659 2291 lectionem
1685 2249 1926 2291 conductos:

119 2319 346 2362 conductus
359 2319 473 2361 libro
486 2318 782 2362 Hersfeldensi
794 2318 983 2360 uindico.
1008 2317 1135 2370 Quod
1148 2316 1206 2359 ad
1219 2319 1358 2361 uerba
1372 2315 1601 2370 sequentia
1616 2315 1820 2369 pertinet,
1835 2329 1925 2358 una

120 2386 238 2429 salus
254 2392 321 2429 est
337 2386 383 2428 in
399 2386 601 2429 codicum
618 2383 657 2427 Ο
676 2383 729 2427 W
746 2385 1012 2427 testimonio.
1048 2384 1108 2426 Hi
1124 2383 1354 2425 mutoscedo
1371 2383 1525 2424 doceret
1541 2389 1606 2425 tes
1613 2389 1776 2434 tantur,
1795 2383 1927 2425 ceteri

123 2453 274 2496 multos
288 2453 530 2495 edoceret.¹³⁸
557 2453 684 2495 Vnde
699 2453 884 2495 alteram
898 2451 1131 2494 lectionem
1147 2450 1365 2504 duplicem
1379 2450 1426 2491 in
1440 2450 1681 2503 archetypo
1697 2450 1927 2491 mutescedo

209 2586 247 2609 ¹¹¹
259 2586 316 2622 De
328 2585 478 2621 lectione
490 2586 615 2621 latinos
629 2586 776 2620 rhetoras
789 2585 826 2620 in
840 2585 963 2620 eodem
977 2595 1160 2619 censorum
1174 2583 1291 2619 edicto
1305 2583 1388 2618 uide
1401 2582 1494 2618 inira
1506 2594 1541 2626 p.
1558 2583 1613 2618 89.

208 2642 247 2664 ¹²²
258 2641 524 2686 Discrepantias
539 2641 633 2677 inter
650 2641 804 2676 familiae
819 2639 848 2675 Y
865 2640 1054 2676 deteriores
1070 2639 1178 2674 libros
1192 2650 1265 2674 non
1282 2638 1468 2682 adnotaui3
1485 2649 1567 2674 cum
1583 2638 1671 2674 satis
1687 2643 1827 2674 constet
1843 2637 1930 2682 quid

120 2697 158 2733 in
172 2696 249 2741 ipso
263 2695 294 2732 Y
308 2697 426 2734 fuerit.
475 2697 595 2733 Codex
609 2695 641 2732 U
655 2697 758 2740 longe
772 2697 931 2732 omnium
944 2695 1117 2740 pessimus
1131 2695 1227 2731 hune
1241 2695 1359 2730 locum
1374 2706 1394 2730 e
1410 2694 1578 2730 Cicerone
1592 2694 1642 2730 sie
1656 2694 1860 2739 suppletum
1875 2704 1930 2730 os-

121 2752 252 2789 tendit:
278 2753 332 2789 Tu
342 2758 390 2789 πῖ)
401 2754 537 2788 adhibes
549 2754 616 2788 ioci
627 2764 741 2789 causa.
794 2753 848 2787 Tu
858 2764 923 2796 pro
937 2753 984 2787 At
995 2752 1033 2787 in
1044 2751 1222 2787 nonnullis
1234 2750 1415 2786 codicibus
1429 2750 1666 2786 Ciceronianis
1677 2750 1869 2786 inuenitur.

208 2809 251 2832 ¹²⁸
262 2809 374 2845 Aldus
390 2814 428 2845 et
443 2810 551 2845 ceteri
568 2809 640 2844 fere
655 2819 778 2844 omnes
793 2808 923 2844 saeculi
939 2807 1028 2844 sexti
1043 2807 1170 2843 decimi
1191 2806 1271 2842 Tibi
1287 2811 1317 2841 et
1332 2807 1401 2841 ioci
1417 2817 1520 2841 causa
1538 2806 1735 2842 ediderunt.
1778 2806 1930 2841 Adhibes

121 2864 189 2900 ioci
201 2875 306 2901 omaso
319 2865 472 2909 primum
487 2865 584 2908 apud
599 2865 849 2900 Casaubonum
863 2863 1108 2899 animaduerti.
1155 2862 1350 2898 Beroaldus
1365 2863 1413 2897 At
1427 2873 1506 2897 uero
1521 2862 1656 2897 adhibes
1670 2861 1793 2897 edidit.

209 2919 248 2943 ¹³⁸
258 2921 317 2956 De
325 2921 497 2956 inmunia
509 2921 632 2956 eodem
645 2921 720 2955 loco
731 2919 780 2964 (p.
797 2920 871 2964 125,
888 2917 942 2960 10)
956 2920 993 2954 in
1005 2917 1038 2954 Ο
1051 2920 1238 2955 inuentum
1252 2918 1334 2954 uide
1347 2929 1453 2962 supra
1465 2930 1500 2962 p.
1515 2918 1571 2954 55.

209 2977 250 2999 ¹³⁸
261 2976 351 3012 Vide
364 2987 471 3020 supra
484 2987 520 3021 p.
538 2976 581 3012 76
595 2977 678 3011 adn.
698 2977 774 3011 106.

211 3032 254 3055 ¹²⁸
264 3032 440 3068 conductos
454 3044 474 3068 e
488 3033 669 3067 conductus
683 3032 721 3066 in
737 3030 781 3066 D.

212 3088 254 3110 ¹²²
266 3088 311 3123 In
324 3088 433 3124 dubio
447 3099 527 3124 sum
541 3089 587 3124 de
601 3086 650 3131 H;
668 3088 848 3122 conductus
863 3087 900 3122 in
914 3087 1086 3122 conductis
1100 3099 1122 3122 a
1137 3098 1246 3122 manu
1261 3085 1453 3130 posteriore
1467 3090 1660 3130 mutatum,
1676 3091 1719 3121 ut
1734 3085 1888 3122 uidetur.

200 3144 255 3167 '¹¹⁸
265 3144 387 3179 ”mltos
401 3144 526 3179 doceret
541 3142 570 3178 B
601 3145 723 3179 multos
739 3143 870 3178 edocent
886 3141 919 3177 D
951 3147 987 3178 ut
1003 3143 1124 3178 multos
1140 3143 1281 3177 edoceret
1298 3139 1331 3176 G
1362 3142 1484 3176 multos
1499 3141 1668 3176 edocuisse
1688 3139 1720 3181 Q
1743 3141 1792 3184 (u.
1810 3139 1929 3185 supra)

122 3199 243 3235 multos
255 3199 293 3235 in
306 3200 418 3235 miltes
430 3205 610 3236 mutatum
625 3205 667 3235 ut
680 3199 752 3235 uid.
783 3197 826 3234 K.
