2340 3840
431 343 474 377 80
761 342 829 376 DE
846 342 1139 377 FRAGMENTI
1155 342 1451 378 SVETONIANI
1468 343 1537 377 DE
1557 343 1902 379 GRAMMATICIS
2135 343 2214 388 [580

427 455 598 496 doceret:
616 454 764 495 multos
779 454 953 495 edoceret
968 454 1119 496 efficio.
1152 454 1339 496 Rothius
1355 455 1570 496 conductos
1586 455 1723 496 edidit
1738 461 1782 497 et
1797 455 2000 498 lacunam
2013 463 2117 500 ante
2131 457 2215 502 hoc

428 521 610 562 uerbum
627 533 727 561 cum
745 520 826 562 Th.
863 521 1138 562 Mommseno
1156 521 1327 562 statuit.
1363 521 1737 579 Reifferscheidius
1755 529 1870 564 recte
1887 523 2105 576 perspexit
2121 536 2214 566 cor—

429 587 643 639 ruptelam
660 587 704 628 in
721 588 868 628 multos
884 587 1032 628 latere.
1090 587 1238 628 Cuiuis
1255 587 1369 628 hunc
1385 588 1823 640 locum-perlustranti
1849 589 2056 632 continuo
2079 600 2215 644 appa-

429 653 541 695 rebit
561 653 727 705 aliquot
739 653 871 694 uerba
884 653 1058 706 delapsa
1069 666 1172 704 esse,
1185 667 1287 694 nam
1302 654 1530 695 Suetonius
1541 654 1605 696 ita
1615 654 1773 707 pergit:
1785 655 1899 695 Nam
1909 656 1958 696 in
1968 657 2213 708 prouinoias

428 732 583 772 quoque
615 721 884 772 grammatica
927 724 1211 772 penetrauerat
1218 735 1228 772 ;
1262 733 1529 772 quamquam
1562 720 1679 761 nulla
1718 721 1881 762 mentio
1924 722 2029 764 artis
2073 735 2214 777 gram—

431 786 614 828 maticae
631 786 676 826 in
692 786 924 838 prouinciis
941 786 1150 827 exercitae
1166 786 1285 827 facta
1302 793 1380 827 est.
1428 787 1580 839 Neque
1598 787 1920 828 Reifferscheidi
1935 787 2213 842 interpolatio

428 853 517 893 iam
540 865 619 904 pro
643 866 742 893 nam
766 852 962 903 adiuuat,
988 852 1063 893 sed
1088 852 1319 893 obscurum
1342 853 1485 893 locum
1510 853 1642 894 etiam
1666 853 1955 895 obscuriorem
1978 854 2135 908 effecit,
2159 861 2212 898 ut

430 918 594 959 Ihmius
615 932 786 971 quoque
803 918 1014 960 iudicauit
1030 917 1088 970 (p.
1110 919 1204 969 550,
1219 918 1319 960 adn.
1336 917 1387 970 1).
1438 920 1526 960 Cur
1543 925 1692 960 autem
1710 919 2008 962 testimonium
2023 920 2213 964 familiae

431 981 465 1026 Y
482 986 631 1026 multos
648 986 823 1026 edoceret
841 985 1138 1026 damnandum
1156 985 1245 1026 est?
1291 986 1473 1037 Propter
1490 986 1572 1026 hoc
1597 985 1886 1037 potissimum,
1915 986 2033 1039 quod
2059 988 2211 1030 Sueto-

428 1051 538 1102 nius,
559 1064 825 1104 quamquam
846 1051 978 1092 uerbo
998 1052 1134 1092 docere
1154 1051 1381 1093 sescenties
1403 1051 1555 1102 utitur,
1582 1052 1764 1093 uerbum
1787 1053 1948 1094 edocere
1971 1066 2212 1107 numquam
2252 1083 2258 1089 -

429 1117 622 1169 adhibet,
641 1118 686 1143 ¹2⁹
705 1131 843 1170 neque
863 1118 989 1159 uideo
1009 1118 1226 1170 quomodo
1245 1117 1400 1158 idonea
1419 1118 1635 1159 sententia
1653 1118 1752 1159 inde
1772 1118 1882 1159 effici
1897 1119 2050 1171 possit.
2096 1119 2212 1172 Quid

428 1184 559 1237 igitur
575 1198 625 1225 ex
641 1184 870 1225 mutoscedo
886 1185 1039 1225 doceret
1056 1183 1360 1225 excutiendum
1377 1185 1465 1225 est?
1511 1184 1655 1225 Primo
1672 1185 1879 1236 suspicari
1894 1185 1996 1227 licet
2010 1185 2212 1228 uoculam

428 1256 473 1292 ut
497 1250 567 1291 hic
590 1250 737 1292 latere.
792 1250 860 1291 Ad
885 1250 1003 1291 illam
1027 1249 1220 1292 litteram
1245 1264 1286 1291 m
1309 1250 1502 1303 proxime
1525 1251 1857 1303 praecedentem
1881 1265 1981 1293 mox
2004 1258 2210 1294 reuertar.

427 1317 570 1358 Verbo
601 1323 750 1358 autem
779 1313 825 1358 αἱ
855 1330 907 1357 ex
936 1317 1021 1357 ista
1051 1315 1265 1369 farragine
1297 1317 1555 1369 deprompto
1575 1323 1711 1358 restat
1732 1318 1884 1359 oscedo.
1946 1318 2121 1371 Syllaba
2141 1319 2210 1360 -do

428 1389 604 1435 propter
625 1396 807 1435 sequens
829 1383 984 1423 doceret
1006 1382 1338 1435 dittographiae,
1363 1396 1473 1435 quae
1496 1390 1691 1433 uocatur,
1717 1384 1862 1424 deberi
1891 1390 2052 1436 potest,
2083 1390 2143 1436 et,
2174 1385 2212 1426 si

430 1462 577 1491 ueram
598 1449 975 1490 ratiocinationem
995 1462 1163 1501 sequor,
1186 1449 1367 1490 delenda
1388 1455 1466 1490 est.
1518 1451 1674 1490 Restat
1695 1450 1826 1502 igitur
1847 1463 1948 1501 osce,
1971 1451 2088 1503 quod
2107 1443 2211 1493 uero

429 1515 621 1568 linguam
644 1516 802 1556 Oscam
824 1515 1062 1568 significare
1083 1522 1244 1567 potest,
1269 1522 1313 1557 et
1336 1516 1396 1556 sic
1420 1515 1553 1556 etiam
1576 1516 1774 1556 Funaioli
1795 1514 1935 1566 (1907)
1962 1516 2210 1559 Buecheleri

428 1581 771 1623 coniecturam¹³⁰
787 1588 959 1623 secutus
977 1582 1130 1623 edidit:
1145 1587 1191 1623 ut
1206 1595 1293 1622 osce
1308 1583 1474 1623 doceret.
1521 1582 1602 1623 Sed
1617 1583 1758 1634 pauci,
1775 1589 1826 1624 ut
1841 1583 1981 1634 credo,
1997 1595 2210 1636 gramma-

428 1649 563 1690 ticum
581 1648 884 1701 quadringenis
902 1648 1056 1689 annuis
1074 1649 1338 1689 conductum
1355 1655 1405 1689 ut
1421 1648 1613 1701 linguam
1630 1649 1787 1690 Oscam
1805 1649 1976 1691 doceret
1993 1649 2210 1692 existima-

428 1716 553 1756 bun't.
587 1716 678 1767 Ego
691 1715 866 1767 quidem
876 1720 921 1755 ut
931 1715 1058 1755 Oscae
1071 1716 1224 1756 doceret
1235 1715 1342 1767 lego,
1355 1715 1469 1755 unde
1482 1721 1663 1767 apparet
1677 1715 1906 1767 Apuleium
1918 1715 1963 1756 in
1974 1715 2210 1768 Hispaniae

429 1782 467 1822 T
469 1782 810 1822 arraconensis1³1
848 1782 953 1821 urbe
991 1781 1063 1821 illa
1110 1794 1280 1834 magna,
1329 1781 1404 1822 ubi
1452 1781 1661 1822 Sertorius
1709 1781 1973 1822 domicilium
2019 1781 2210 1824 habebat

428 1854 560 1900 atque
588 1847 701 1888 diem
727 1861 977 1899 supremum
1002 1847 1176 1898 obiit‚¹³²
1203 1847 1409 1888 docuisse.
1466 1847 1591 1898 Quod
1617 1847 1710 1899 ipsa
1736 1861 1800 1888 res
1827 1848 2078 1890 confirmare
2104 1847 2213 1890 mihi

428 1914 612 1964 uidetur,
637 1927 739 1954 nam
763 1927 789 1954 a
813 1914 1098 1954 Plutarcho¹³³
1122 1914 1349 1955 edocemur
1374 1914 1609 1955 Sertorium
1633 1914 1859 1966 magistros
1882 1921 1926 1955 et
1951 1914 2139 1956 Graecae
2162 1921 2207 1956 et

427 1981 607 2022 Latinae
629 1980 877 2032 disciplinae
899 1981 1033 2021 Oscae
1054 1980 1305 2030 instituisse,
1329 1980 1402 2032 qui
1423 1980 1519 2020 filiis
1541 1980 1835 2033 Hispanorum
1864 1980 2075 2022 nobilium
2103 1981 2208 2022 libe-

427 2047 534 2088 rales
547 2047 793 2099 disciplinas
803 2046 1112 2099 praeciperent.
1142 2047 1270 2087 Nunc
1282 2060 1453 2099 quoque
1463 2047 1710 2099 prouinciae
1721 2046 1973 2100 allusionem
1982 2047 2206 2098 habemus,

427 2126 537 2166 quae
567 2119 682 2154 certe
713 2113 1051 2154 desiderabatur.
1130 2113 1213 2154 Sed
1248 2114 1366 2154 locus
1411 2113 1606 2154 nondum
1635 2120 1813 2154 sanatus
1843 2119 1922 2164 est,
1953 2116 2053 2154 cu'm
2085 2114 2120 2154 A
2127 2118 2207 2166 pu-

427 2181 555 2221 leium
574 2179 617 2229 (l.
639 2177 703 2229 13)
727 2193 825 2219 cum
846 2180 1057 2220 uocabulo
1084 2180 1299 2220 conductos
1326 2179 1394 2220 uel
1413 2180 1637 2220 conductus
1662 2193 1749 2220 non
1774 2185 1997 2232 congruat.
2053 2179 2207 2232 Neque
2235 2176 2238 2178 ’

427 2246 678 2287 Suetonium
698 2247 733 2285 A
741 2247 928 2297 puleium
943 2245 1160 2298 scripsisse
1176 2246 1345 2287 credere
1360 2259 1549 2298 possum.
1609 2245 1971 2287 Pretiosissimum
1986 2245 2110 2287 nobis
2124 2245 2207 2287 hoc

426 2312 518 2353 loco
539 2312 836 2353 testimonium
855 2313 1034 2364 praebet
1054 2312 1186 2352 codex
1206 2309 1272 2362 W,
1293 2312 1452 2364 quippe
1473 2312 1547 2364 qui
1565 2312 1610 2352 in
1629 2318 1752 2353 textu
1772 2318 1822 2353 ut
1841 2311 1972 2353 ceteri
1990 2312 2207 2364 apuleium

426 2379 641 2428 ostendat,
655 2378 785 2418 sedin
803 2378 992 2430 margine
1008 2379 1042 2418 A
1051 2379 1178 2430 pulei.
1226 2378 1321 2419 Hoc
1341 2379 1499 2430 Apulei
1516 2385 1629 2419 certe
1647 2379 1902 2419 mendosum
1919 2384 1998 2429 est,
2017 2384 2062 2419 et
2077 2390 2206 2431 prop-

426 2453 491 2486 ter
511 2445 653 2498 ipsum
673 2444 877 2484 mendum
897 2444 1241 2496 interpolationis
1262 2445 1501 2497 suspicione
1522 2458 1663 2485 carere
1684 2445 1825 2485 debet.
1875 2444 2001 2485 Hanc
2019 2444 2206 2485 formam

510 2577 548 2599 ¹²⁹
559 2576 647 2611 Vide
661 2586 766 2619 supra
779 2586 815 2618 p.
832 2574 886 2610 75.

511 2633 550 2655 ¹³⁰
562 2632 626 2666 Rh.
641 2633 738 2666 Mus.
754 2632 858 2665 LXII
876 2630 992 2672 (1907)
1009 2642 1043 2674 p.
1060 2630 1136 2665 477.

510 2688 549 2710 ²⁸¹
563 2687 689 2721 Strabo
703 2687 762 2720 III
779 2687 852 2720 161.
868 2685 959 2720 Ptol.
972 2686 1068 2728 Geog.
1085 2687 1123 2719 II
1138 2687 1170 2729 6,
1187 2685 1241 2721 67.

510 2743 550 2765 ¹⁸²
562 2741 688 2776 Strabo
701 2742 725 2776 l.
741 2752 768 2776 c.
1842 2760 1846 2765 -

512 2799 548 2820 ¹⁸³
558 2798 651 2832 Plut.
665 2797 748 2831 Sert.
773 2797 875 2831 XIV:
899 2799 971 2831 τοὺς
993 2799 1062 2837 γὰρ
1088 2800 1336 2836 εὐγενεστάτους
1359 2800 1425 2831 ἀπὸ
1447 2800 1512 2831 τῶν
1534 2799 1630 2831 ἐθνῶν
1653 2799 1856 2837 συναγαγὼν
1877 2799 1921 2832 εἰς
1946 2799 2082 2839 Ὄσκαν,
2105 2798 2206 2831 πόλιν

421 2856 583 2896 μεγάλην,
601 2855 812 2887 διδασκάλους
825 2854 1004 2892 ἐπιστήσας
1020 2854 1219 2893 Ἑλληνικῶν
1237 2866 1273 2886 τε
1283 2855 1338 2886 καὶ
1353 2855 1538 2893 Ῥωμαῖκῶν
1554 2855 1751 2893 μαθημάτων
1766 2854 1854 2894 ἔργῳ
1870 2854 1928 2892 μὲν
1945 2853 2200 2894 ἑξωμηρώσατο,

423 2913 515 2953 λόγῳ
536 2911 569 2942 δὲ
591 2910 764 2950 ἐπαίδευεν,
798 2910 839 2942 ὡς
862 2910 1001 2947 ἀνδράσι
1032 2911 1212 2947 γενομένοις
1235 2910 1403 2942 πολιτείας
1425 2922 1462 2941 τε
1483 2911 1678 2948 μεταδώσων
1700 2910 1755 2941 καὶ
1778 2910 1893 2948 ἀρχῆς.
1945 2909 1987 2941 Οὶ
2007 2910 2042 2941 δὲ
2063 2909 2202 2948 raa—epa

420 2970 534 3007 ἣδοντο
544 2966 736 3003 θαυμαστῶς
748 2966 820 2998 τοὺς
835 2965 957 2997 παῖδας
969 2966 1002 2997 ὲν
1013 2965 1263 3004 περιπορφύροις
1275 2967 1410 3003 ὁρῶντες
1425 2966 1519 3003 μάλα
1531 2966 1668 3003 κοσμίως
1683 2966 1864 3003 φοιτῶντας
1876 2965 1920 2997 εἰς
1931 2965 1976 2996 τὰ
1987 2964 2203 2997 διδασκαλεῖα

419 3024 474 3056 καὶ
496 3023 553 3055 τὸν
574 3021 755 3059 Σερτώριον
777 3021 856 3058 ὑπὲρ
880 3021 984 3052 αὐτῶν
1006 3021 1136 3058 μισθοὺς
1158 3021 1317 3052 τελοῦντα
1339 3021 1394 3052 καὶ
1416 3021 1576 3054 πολλάκις
1600 3021 1775 3059 ἀποδείξας
1798 3020 2015 3058 λαμβάνοντα
2036 3019 2092 3052 καὶ
2114 3020 2203 3059 ’γέρα

420 3080 490 3112 τοῖς
503 3079 603 3117 ἀξίοις
614 3077 751 3114 νέμοντα
760 3076 815 3107 καὶ
827 3077 871 3107 τὰ.
880 3077 991 3114 χρυσᾶ
1001 3077 1191 3114 περιδέραια
1199 3077 1404 3116 δωρούμενον,
1417 3077 1438 3108 ἃ
1451 3077 1606 3114 Ῥωμαῖοι
1615 3076 1760 3114 βούλλας
1769 3076 1936 3108 καλοῦσιν.
1984 3073 2041 3107 De
2057 3077 2202 3116 argento

419 3131 561 3167 Oscensi
575 3129 656 3165 uide
669 3129 747 3163 Liu.
771 3129 958 3162 XXXIIII
975 3129 1026 3171 10,
1042 3127 1119 3170 4l7.
1134 3129 1190 3171 46,
1205 3130 1240 3171 23
1255 3129 1333 3171 XL,
1348 3129 1403 3171 43,
1419 3129 1451 3163 2.
1498 3129 1585 3163 Vide
1600 3133 1637 3163 et
1657 3129 1823 3163 Huebner
1838 3127 1877 3162 C.
1898 3129 1933 3163 I.
1957 3128 1996 3162 L.
2013 3127 2052 3162 II
2067 3138 2103 3171 p.
2118 3125 2201 3171 407,

419 3193 455 3223 et
468 3187 589 3222 titulos
602 3184 652 3219 ibi
666 3183 836 3219 exhibitos
841 3196 850 3226 ;
866 3188 902 3218 et
916 3183 1038 3226 Suppl.
1054 3195 1090 3226 p.
1105 3184 1181 3218 938.
