2340 3840
129 335 209 380 ⁵⁶11
456 373 459 375 ,
530 334 594 369 ΕΤ
610 333 920 369 RHETORJBVS
937 332 1165 368 CODICVM
1182 332 1321 368 NEXV
1337 333 1401 366 ET
1417 332 1534 367 FIDE
1893 334 1936 368 61

130 449 360 496 Gemma
386 449 522 499 deest,
549 460 650 490 cum
679 447 885 499 Dialogus
913 445 1094 488 Suetoni
1119 445 1415 499 fragmentum
1441 445 1652 498 sequitur.
1710 445 1936 496 Quaenam

131 515 264 561 inuit
282 527 416 559 causa
434 514 597 557 ordinis
617 513 821 556 mutandi
839 512 884 554 in
904 512 1207 555 ottoboniano
1226 526 1314 554 non
1333 519 1533 565 apparet,
1554 512 1631 553 sed
1651 511 1723 553 uix
1743 512 1936 555 dubitari

130 589 280 639 potest
301 581 408 637 quin
433 578 470 624 X
491 580 808 624 Hersfeldensis
829 579 929 622 libri
954 579 1152 622 ordinem
1177 579 1432 630 seruauerit,
1457 592 1589 632 quem
1609 575 1662 620 W
1677 592 1754 632 per
1770 592 1936 622 succes-

131 650 298 695 sionem
315 648 546 703 acceperit.
602 647 823 690 Librarius
844 643 880 689 Y
898 646 1109 688 librorum
1136 646 1466 699 dispositionem
1486 645 1726 688 mutauisse
1746 646 1936 698 uidetur,

130 730 234 762 eum
251 715 568 762 Hersfeldensis
588 714 748 758 codicis
767 714 874 756 ordo
893 727 948 755 ne
966 713 1012 755 in
1031 726 1120 755 uno
1140 713 1318 766 quidem
1337 713 1484 755 codice
1503 713 1632 754 huius
1651 713 1843 755 familiae
1864 713 1937 755 de-

130 783 448 840 prehendatun
459 782 543 828 sed
560 788 690 826 tanta
707 788 774 824 est
793 780 991 823 confusio
1008 780 1199 822 familiae
1219 777 1255 822 Y
1273 780 1638 832 testimoniorum,
1659 787 1709 822 ut
1727 780 1938 822 librorum

133 850 464 906 dispositionem
485 849 531 892 in
553 849 648 903 ipso
671 845 707 891 Y
728 855 950 902 praestare
973 847 1046 889 uix
1069 847 1245 889 audeas.
1299 847 1507 889 Familiae
1531 843 1566 888 Y
1588 846 1634 888 hi
1657 847 1825 888 codices
1849 847 1936 889 duo

130 917 340 974 opuscula
364 917 545 960 Tacitea
570 915 841 960 Germaniam
866 922 911 958 et
940 915 1182 968 Dialogum,
1209 922 1252 958 et
1290 915 1470 957 Suetoni
1504 914 1800 968 fragmentum
1835 926 1936 956 con-

132 985 294 1030 tinent:
324 983 644 1038 Neapolitanus
660 980 735 1035 (N)
755 981 994 1025 Vaticanus
1017 982 1122 1024 1518
1143 978 1196 1032 (l)
1217 983 1456 1025 Vaticanus
1487 982 1592 1023 1862
1620 978 1687 1032 (V)
1717 981 1938 1022 Leidensis

130 1049 195 1105 (Ι.)
219 1052 412 1096 Venetus
437 1050 691 1093 Marcianus
712 1047 799 1101 (M)
825 1049 1064 1092 Vaticanus
1087 1049 1198 1091 4498
1220 1048 1300 1100 (Δ).
1354 1049 1594 1091 Vaticanus
1616 1052 1650 1090 Δ
1675 1056 1839 1100 tamen,
1865 1047 1939 1101 qui

134 1118 376 1174 Agricolam
397 1131 572 1173 quoque
592 1116 911 1171 complectitur,
933 1116 1040 1158 nihil
1060 1116 1118 1158 ad
1139 1116 1252 1158 hanc
1273 1116 1575 1169 quaestionem
1594 1115 1800 1169 pertinet,
1823 1128 1937 1165 cum,

132 1193 185 1231 ut
204 1186 324 1230 inira.
337 1185 399 1240 (p.
424 1182 518 1237 189)
543 1184 868 1236 demonstrabo,
891 1183 982 1226 eius
1003 1183 1204 1225 librarius
1229 1183 1409 1226 Suetoni
1430 1183 1690 1236 opusculum
1711 1196 1763 1224 ex
1785 1182 1938 1224 eodem

132 1253 369 1308 exemplari
383 1265 436 1296 ac
451 1251 596 1296 Taciti
609 1251 776 1294 libellos
792 1251 1078 1294 transcribere
1093 1251 1213 1292 nullo
1235 1251 1366 1293 modo
1387 1250 1595 1304 potuerit.
1649 1249 1798 1291 Codex
1813 1245 1848 1290 V
1865 1249 1939 1302 qui

133 1321 247 1364 inter
261 1319 454 1375 singulos
469 1319 661 1362 familiae
678 1315 714 1360 Y
729 1318 898 1361 codices
916 1318 1106 1360 maxima
1122 1318 1207 1360 fide
1224 1325 1291 1361 est
1308 1318 1440 1372 digna
1455 1318 1740 1368 Germaniam,
1760 1315 1940 1359 Suetoni

133 1387 343 1440 libellum,
364 1387 593 1441 Dialogum
610 1400 662 1429 eo
680 1385 830 1428 ordine
849 1399 980 1439 quem
999 1385 1120 1427 uides
1139 1385 1328 1428 exhibet.
1407 1384 1588 1427 Codices
1611 1381 1632 1425 Ι
1650 1391 1694 1426 et
1715 1381 1765 1424 M
1787 1384 1941 1425 Sueto-

132 1455 256 1498 nium
270 1455 415 1509 primo
432 1455 659 1508 Dialogum
674 1453 865 1495 secundo
875 1453 1147 1496 Germaniam
1161 1452 1292 1495 tertio
1304 1452 1400 1494 loco
1412 1452 1632 1494 exhibent.
1688 1451 1732 1493 Si
1744 1463 1842 1492 eam
1855 1450 1941 1492 dis-

131 1521 395 1576 positionem
421 1533 533 1576 quae
560 1528 627 1564 est
652 1520 698 1562 in
724 1517 746 1562 1
770 1517 820 1562 M
848 1520 1090 1573 archetypo
1116 1516 1152 1561 Y
1177 1519 1411 1571 attribuas,
1439 1519 1546 1561 ordo
1573 1517 1648 1572 qui
1670 1525 1737 1560 est
1759 1518 1804 1559 in
1827 1514 1869 1558 N
1892 1513 1939 1568 L,

135 1589 357 1643 Dialem,
375 1589 618 1640 Germania,
639 1587 820 1631 Suetoni
838 1587 1022 1638 libellus,
1042 1587 1168 1628 facile
1187 1586 1392 1640 explicari
1410 1592 1572 1640 potest,
1593 1598 1694 1627 cum
1716 1585 1761 1626 in
1791 1581 1832 1626 N
1855 1585 1941 1626 Ta·

133 1655 474 1718 citi-Annalium
497 1668 599 1710 pars
621 1655 836 1709 posterior
858 1661 903 1697 et
922 1655 1140 1698 Historiae
1163 1654 1230 1695 his
1254 1654 1394 1696 tribus
1417 1653 1636 1707 opusculis
1658 1651 1939 1706 praecedant,

133 1722 249 1767 unde
262 1722 464 1767 librarius
481 1722 739 1766 Suetonium
755 1722 814 1764 ad
824 1721 1112 1764 nouissimum
1122 1721 1268 1763 locum
1278 1721 1487 1774 relegasse
1499 1720 1715 1771 uideatur,
1728 1726 1779 1761 ut
1791 1717 1939 1760 omnia

134 1801 268 1845 opera
285 1791 469 1834 Tacitea
487 1790 638 1833 ordine
657 1796 955 1843 sequerentur.
1005 1788 1204 1832 Eandem
1224 1789 1440 1831 rationem
1458 1793 1634 1829 secutus
1654 1800 1745 1828 esse
1766 1786 1942 1828 uidetur

134 1859 376 1910 Fontanus,
395 1857 472 1912 qui
489 1857 650 1900 codicis
668 1853 701 1899 L
718 1857 1009 1909 archetypum
1027 1856 1238 1907 exarauit,
1259 1855 1468 1898 Suetonio
1486 1854 1692 1897 ultimum
1709 1853 1853 1895 locum
1873 1859 1940 1894 at-

134 1924 344 1978 tribuens,
365 1937 421 1968 ne
441 1924 556 1967 inter
577 1924 686 1967 duos
706 1924 873 1966 libellos
895 1923 1097 1966 Taciteos
1128 1923 1320 1965 alienum
1349 1921 1606 1976 opusculum
1637 1920 1940 1971 intercederet,

133 1991 252 2046 quod
279 1991 327 2036 in
356 1991 579 2036 communi
608 1991 850 2046 archetypo
873 1990 1073 2034 codicum
1093 1987 1129 2032 V
1149 1987 1181 2032 L
1207 1990 1337 2033 fuisse
1370 1990 1557 2032 uidetur.
1610 1988 1694 2030 Sed
1721 1987 1832 2029 nihil
1861 1994 1941 2038 est,

133 2072 210 2102 cur
226 2073 319 2102 rem
334 2066 430 2103 tam
445 2058 660 2102 incertam
675 2058 814 2101 fusius
830 2064 1111 2112 pertractem.

217 2127 288 2169 De
311 2126 594 2180 inscriptione
619 2126 759 2169 nostri
783 2125 918 2168 libelli
946 2125 1231 2167 Decembrius
1258 2124 1366 2166 haec
1392 2124 1578 2177 profert:
1608 2122 1804 2164 Suetonii
1829 2127 1943 2163 tran-

133 2194 258 2248 quini
280 2194 332 2237 de
355 2195 642 2248 grammaticis
668 2199 706 2236 et
731 2194 960 2235 rhetoribus
986 2193 1102 2234 liber.
1161 2192 1339 2244 Incipit.
1371 2191 1494 2233 Haec
1520 2197 1671 2232 autem
1697 2189 1742 2230 in
1771 2187 1943 2230 Nicolai

133 2260 448 2304 commentario
474 2261 779 2304 inueniuntur:
808 2258 1003 2303 Suetonii
1036 2259 1277 2312 Tranquilli
1307 2259 1371 2300 De
1397 2257 1681 2311 grammaticis
1708 2261 1745 2298 et
1772 2255 1943 2297 rhetori·

133 2329 225 2381 ben,
237 2329 314 2383 qui
325 2329 480 2382 incipit
493 2328 568 2371 sic.
599 2327 783 2370 Aesinus
801 2328 1012 2381 Agricola,
1029 2339 1300 2380 quamquam
1313 2326 1396 2367 hac
1410 2339 1462 2367 ex
1474 2331 1601 2378 parte
1615 2325 1672 2366 ab
1687 2323 1942 2365 humanista

133 2395 294 2438 saeculi
322 2395 467 2450 quinti
495 2395 652 2438 decimi
679 2395 906 2449 suppletus
936 2401 1017 2445 est,
1046 2393 1279 2447 pristinam
1306 2392 1635 2445 inscriptionem
1663 2402 1942 2432 conseruasse

135 2462 327 2506 uidetur:
355 2463 687 2506 CORNELII.
724 2463 961 2505 TACITI.
1004 2462 1104 2503 DE.
1147 2461 1318 2502 VITA.
1352 2459 1541 2501 IVLII.
1574 2457 1944 2501 AGRICOLAE.

137 2530 419 2573 INCIPIT.
469 2531 590 2583 Quae
609 2543 710 2572 cum
730 2531 793 2572 ita
812 2530 914 2577 sint,
935 2529 1055 2570 haud
1075 2528 1259 2570 dubium
1279 2527 1454 2569 uidetur
1474 2526 1580 2580 quin
1601 2524 1885 2579 apographon
1907 2520 1942 2564 Y

135 2596 451 2640 Hersfeldensis
467 2597 567 2640 libri
584 2597 912 2650 inscriptionem
930 2595 1166 2648 repetierit,
1185 2607 1298 2648 quae
1315 2607 1431 2636 nune
1448 2593 1494 2635 in
1511 2592 1734 2634 codicibus
1753 2588 1794 2632 N
1814 2588 1854 2632 G
1871 2588 1891 2631 I
1909 2587 1942 2631 V

48 2708 57 2716 ,
134 2664 196 2707 sic
215 2670 266 2707 ut
284 2664 494 2719 scriptam
514 2664 636 2706 uides
656 2671 793 2706 extet:
823 2665 871 2706 C.
891 2663 1087 2706 Suetonii
1105 2662 1324 2717 tranquilli
1343 2662 1393 2703 de
1411 2659 1696 2714 grammaticis
1716 2664 1752 2700 et
1771 2658 1943 2699 rhetori-

135 2732 226 2774 bus.
279 2731 496 2786 Incipitst⁸
547 2732 695 2774 Codex
718 2729 771 2772 W
793 2732 901 2773 duas
923 2730 1226 2783 inscriptiones
1248 2729 1383 2771 habet
1406 2740 1593 2781 quarum
1616 2739 1706 2767 una
1728 2737 1944 2779 gramma—

136 2798 324 2841 ticorum
348 2799 658 2852 rhetorumque
684 2798 899 2840 indicibus
924 2797 1163 2851 praemissa
1186 2796 1419 2850 pristinam
1444 2795 1632 2836 formam
1658 2793 1832 2844 retinet,
1859 2792 1943 2832 nisi

137 2865 254 2918 quod
273 2866 456 2908 uerbum
477 2867 640 2919 Incipit
656 2866 848 2919 primum
865 2877 945 2919 pro
963 2864 1120 2907 ultimo
1137 2864 1232 2905 loco
1250 2862 1436 2904 obtinet.
1484 2862 1634 2903 Altera
1652 2859 1880 2912 inscriptio
1899 2859 1944 2899 in

138 2928 190 2972 W
212 2939 257 2975 et
279 2933 568 2975 Ottoboniani
590 2933 816 2986 inscriptio
835 2932 1068 2984 (indicibus
1089 2928 1340 2984 praemissa)
1366 2936 1552 2982 utraque
1575 2927 1760 2969 uerbum
1782 2926 1943 2968 additi·

135 2999 254 3041 cium
276 3000 619 3043 FELICITER
643 2999 932 3042 ostendunt.³⁸
986 3000 1054 3040 De
1079 2998 1296 3039 indicibus
1321 3009 1462 3049 neque
1487 2994 1774 3036 Decembrius
1798 3006 1939 3046 neque

138 3065 308 3108 Nicolai
328 3068 666 3109 commentarius
688 3074 890 3108 testatur.
943 3068 1107 3107 Eorum
1126 3065 1317 3106 familiae
1339 3060 1374 3104 Y
1393 3062 1594 3104 codicum
1615 3061 1690 3114 qui
1709 3060 1942 3114 pristinam

138 3131 463 3187 inscriptionem
492 3142 766 3186 conseruant,
800 3130 838 3175 G
868 3131 888 3174 I
918 3147 1015 3175 eam
1045 3132 1258 3174 indicibus
1291 3129 1586 3184 praemissam,
1618 3125 1653 3169 V
1683 3128 1846 3169 indices
1876 3141 1940 3169 se-

226 3232 256 3255 ⁸⁸
267 3232 356 3268 Vide
370 3244 477 3277 supra
490 3245 527 3277 p.
542 3234 588 3268 40
603 3245 656 3278 sq.
