2340 3840
154 363 233 408 5³51
555 363 619 397 ΕΤ
634 362 944 397 RHETORIBVS
962 361 1188 397 CODICVM
1205 361 1343 396 NEXV
1359 361 1423 394 ET
1439 361 1555 396 FIDE
1913 361 1955 395 35

350 475 503 519 SIMI
551 461 804 518 DOMINI
840 467 918 521 126
954 475 1058 516 IOA
1075 475 1242 516 NNIS
1278 474 1364 515 DE
1400 474 1730 515 ARAGONIA
1772 475 1957 516 FAMI-

353 535 528 588 LIAIS
566 546 924 588 EXCRJPSJT
978 545 1105 585 NEA
1116 544 1263 586 POLJ
1333 529 1744 589 niccchXXVn
1839 538 1956 586 [VN

362 613 513 656 XXV.
580 612 702 654 Infra
730 625 864 654 manu
891 611 1147 666 posteriore:
1179 611 1456 652 Bibliothecae
1486 610 1708 652 Electorali
1739 611 1955 652 Branden-

354 680 545 734 burgicae
564 680 647 721 d.d.
673 679 831 720 Daniel
853 679 1059 721 Weiman.
1129 678 1331 719 Osannus
1352 677 1480 718 huius
1501 676 1660 719 codicis
1681 676 1957 719 collationem

355 759 383 789 a
413 747 578 788 Ioanne
609 745 815 800 Ehlinger
846 744 1144 788 Wetzlariensi
1173 744 1339 786 factam
1370 743 1556 798 accepit3
1588 743 1776 785 Rothius
1810 751 1956 786 autem

353 812 580 867 Rudolphi
598 813 876 855 Burckhardt
896 811 1146 854 Basiliensis
1163 811 1443 853 collationem
1462 810 1612 853 edidit.

159 878 191 924 S
270 880 420 924 Codex
450 880 770 934 Neapolitanus
800 881 877 923 IV.
910 881 962 922 B.
993 881 1034 922 4.
1066 878 1146 931 bis,
1180 879 1367 932 Neapoli
1395 878 1442 921 in
1472 877 1738 920 bibliotheca
1769 878 1958 921 nationis

352 947 626 999 adseruatuS‚
677 947 947 990 chartaceus.
1005 948 1183 989 Insunt:
1212 944 1275 998 (1)
1309 945 1542 989 Suetonius
1597 946 1660 986 De
1706 944 1959 987 Grammati-

352 1015 414 1056 cis
450 1019 487 1056 et
527 1015 772 1056 Rhetoribus
808 1014 884 1057 fol.
926 1015 1069 1066 la-6a;
1106 1011 1170 1065 (2)
1203 1013 1383 1056 Tacitus
1425 1013 1631 1066 Dialogus
1668 1011 1741 1054 fol.
1784 1010 1958 1063 7a-l9b;

353 1077 412 1132 (3)
437 1080 503 1122 M.
529 1080 689 1122 Fabius
713 1080 962 1122 Victorinus
987 1080 1209 1133 Expositio
1231 1079 1280 1120 in
1302 1079 1518 1120 Ciceronis
1540 1079 1666 1120 libros
1694 1077 1956 1129 Rhetoricon;

352 1144 410 1198 (4)
435 1146 754 1189 Adnotationes
778 1147 823 1188 in
849 1146 1068 1189 Ciceronis
1091 1153 1168 1200 pro
1190 1146 1286 1188 Sex.
1315 1147 1464 1188 Roscio
1491 1146 1693 1187 Amerino
1717 1144 1959 1187 orationem

352 1212 513 1264 (nullus
544 1213 700 1256 titulus
731 1221 798 1256 est
827 1211 1076 1267 praefixus);
1106 1211 1164 1265 (5)
1198 1214 1252 1254 In
1282 1213 1525 1255 orationem
1558 1212 1775 1261 Ciceronis
1807 1218 1882 1265 pro
1909 1213 1957 1265 Q.

355 1281 528 1334 Ligario
550 1280 966 1333 animaduersiones;
989 1279 1048 1332 (6)
1076 1282 1184 1323 Saco
1209 1280 1475 1322 Polentonus
1502 1280 1761 1333 Argumenta
1784 1279 1833 1320 in
1855 1279 1960 1321 Ora-

351 1347 484 1389 tiones
512 1348 746 1399 Ciceronis;
774 1346 833 1399 (7)
865 1348 1070 1402 Epitome
1100 1347 1318 1401 quaedam
1346 1346 1605 1399 Quintiliani
1636 1347 1961 1388 Institutionum

353 1414 659 1466 oratoriarum3
674 1413 733 1466 (8)
750 1415 940 1457 Libellus
957 1415 1010 1457 de
1026 1415 1269 1457 Dialectica
1281 1413 1442 1465 (nullus
1458 1414 1613 1456 titulus
1630 1420 1695 1455 est
1709 1412 1959 1466 praefixus);

354 1478 413 1533 (9)
433 1481 623 1523 Libellus
643 1482 696 1524 de
716 1482 981 1524 Definitione
1000 1489 1045 1524 et
1063 1482 1237 1535 Topicis
1254 1480 1362 1533 (sine
1381 1479 1541 1532 titulo).

438 1549 492 1590 In
516 1548 599 1591 hoc
624 1549 770 1591 codice
794 1549 929 1591 libelli
955 1549 1209 1591 Suetoniani
1232 1548 1378 1602 priora
1404 1547 1606 1590 undecim
1631 1547 1778 1601 capita
1803 1547 1847 1588 in
1873 1548 1960 1601 epi-

354 1622 503 1657 tomen
518 1616 696 1659 redacta
711 1623 829 1668 sunt,
847 1629 959 1670 quae
974 1616 1101 1659 initio
1117 1615 1374 1658 breuissima
1389 1622 1434 1658 et
1448 1615 1513 1658 ita
1528 1614 1729 1657 confecta
1744 1621 1795 1656 ut
1810 1628 1960 1656 sensus

355 1681 610 1725 obscuretur
631 1683 701 1725 uel
722 1683 857 1726 etiam
879 1690 1075 1726 mutetur
1095 1683 1413 1737 pedetemptim
1434 1682 1601 1733 crescit,
1635 1681 1772 1724 donec
1803 1682 1904 1723 inde
1935 1695 1961 1723 a

355 1749 500 1802 capite
514 1750 610 1791 XII
626 1757 772 1793 textus
789 1751 1021 1804 integrum,
1041 1763 1311 1804 quamquam
1327 1749 1670 1800 uitiosissimum‚
1686 1762 1732 1791 se
1747 1756 1958 1802 praestat.

354 1817 424 1860 De
437 1817 521 1860 hoc
535 1818 683 1861 codice
698 1818 759 1860 sic
773 1818 946 1872 scripsit
964 1818 1177 1861 Cataldus
1193 1818 1399 1861 Ianellius
1408 1816 1452 1860 :⁴⁰
1481 1817 1526 1858 H
1528 1831 1598 1859 aec
1612 1817 1758 1860 omnia
1771 1830 1822 1859 ex
1834 1817 1961 1860 Scho-

351 1883 396 1926 la
427 1883 634 1927 Victorini
655 1885 879 1927 Feltrensis
902 1899 951 1927 ea
973 1891 1102 1928 aetate
1124 1884 1384 1928 celeberrima
1396 1885 1538 1940 fuisse
1559 1885 1742 1939 profecta
1763 1884 1962 1926 arbitrari

355 1956 534 2003 pronum
548 1956 620 1993 est.
679 1951 893 1994 Victorini
909 1952 1141 1994 Feltrensis
1158 1958 1307 1994 tamen
1321 1958 1468 1993 aetate
1484 1957 1600 1993 certe
1616 1957 1683 1992 est
1696 1950 1960 2003 posterior.⁴¹

439 2018 652 2060 EDITIO
678 2019 747 2060 IN
751 2019 964 2070 CERTA,
991 2032 1125 2072 quam
1148 2019 1388 2060 secundum
1413 2017 1628 2060 Rothium
1651 2017 1842 2068 nomino,
1868 2017 1960 2058 sine

355 2083 461 2126 urbe
481 2097 598 2126 anno
620 2086 886 2139 typographi
906 2086 1095 2138 nomine,
1117 2086 1322 2128 foliorum
1344 2085 1722 2139 quaternariorum
1744 2085 1962 2125 minorum

353 2151 452 2202 XV,
483 2152 795 2194 uersiculorum
824 2153 1077 2195 uicenorum
1107 2160 1432 2206 quaternorum.
1492 2151 1666 2194 Titulus
1694 2151 1756 2192 sic
1784 2151 1959 2204 legitur:

351 2217 660 2261 SVETONII
706 2220 910 2272 TRANQ
921 2220 1100 2261 VILLI
1136 2217 1246 2271 DE]
1278 2220 1554 2262 GRAMMA
1569 2219 1737 2260 TICIS
1765 2220 1842 2260 ET
1868 2218 1961 2260 RE-

360 2283 622 2337 THORIJB
634 2286 704 2328 VS
735 2285 825 2337 (sic)
862 2287 1277 2329 CLARISSIMIS
1313 2287 1545 2328 LIBELL
1556 2284 1652 2337 VS]
1688 2286 1961 2327 FOELICI-

359 2351 482 2394 TER
513 2353 791 2395 INCIPIT.
851 2355 904 2395 In
930 2354 1035 2397 folio
1075 2354 1157 2409 ish
1182 2361 1428 2408 postremus
1465 2353 1700 2395 uersiculus
1727 2352 1815 2394 hic:
1854 2352 1956 2394 cibo.

354 2418 542 2461 FINIS
567 2421 778 2462 AMEN.
838 2421 956 2463 Hain
984 2421 1136 2473 15132;
1163 2423 1327 2463 Panzer
1352 2422 1416 2463 IV
1438 2434 1482 2474 p.
1513 2419 1589 2462 197
1619 2452 1628 2461 .
1676 2419 1881 2461 ·Venetiis
1907 2433 1959 2461 ex

353 2485 525 2528 officina
543 2486 716 2528 Nicolai
732 2488 894 2540 Jenson
913 2488 1082 2530 circiter
1099 2501 1215 2531 anno
1236 2487 1339 2530 1471
1359 2488 1553 2542 prodisse
1571 2487 1743 2529 dicitur.
1805 2487 1961 2528 Exem-

352 2555 450 2609 plar
475 2557 722 2599 Parisinum
747 2557 792 2599 in
818 2558 1084 2601 bibliotheca
1109 2560 1300 2601 nationis
1325 2558 1444 2610 (Res.
1474 2560 1527 2600 R.
1559 2555 1680 2608 1388)
1709 2570 1826 2599 anno
1856 2557 1961 2598 1919

353 2625 534 2680 inspexi.
574 2628 900 2682 Exemplarium
921 2629 1163 2672 Britannici
1182 2628 1245 2681 (in
1262 2631 1420 2672 Museo
1436 2628 1691 2671 Britannico
1708 2628 1758 2670 C.
1772 2629 1811 2669 2.
1827 2640 1867 2669 a.
1886 2625 1956 2676 20)

354 2703 398 2739 et
423 2697 706 2740 Germanici⁴²
727 2699 937 2753 imagines
958 2700 1245 2754 phototypice
1269 2713 1492 2754 expressae
1508 2700 1552 2741 in
1575 2698 1843 2740 bibliotheca
1858 2697 1962 2739 Vni-

354 2767 575 2810 uersitatis
594 2769 852 2811 Illinoiensis
870 2771 1084 2824 repositae
1102 2778 1219 2813 sunt.

248 2899 277 2922 ⁸⁸
286 2897 438 2944 catalog.
451 2900 544 2936 Bibl.
559 2901 635 2936 Lat.
650 2901 730 2946 Reg.
751 2902 864 2946 Neap.
875 2903 974 2940 Mus.
987 2903 1101 2948 Βοιὼ,
1114 2904 1266 2948 Neapoli
1279 2903 1376 2948 1827,
1387 2915 1423 2948 p.
1436 2904 1514 2938 284.

249 2954 276 2978 ⁶
287 2954 395 2991 Nunc
404 2955 548 2992 danum
558 2956 625 2992 hoc
635 2957 752 2993 libello
762 2958 922 2994 confecto
932 2963 970 2995 et
980 2959 1210 3004 typographis
1219 2970 1332 3004 paene
1341 2959 1512 2995 mandato
1522 2958 1626 2994 huius
1636 2957 1765 2993 codicis
1774 2955 1962 2993 schedulae

156 3008 389 3055 phototypice
400 3010 563 3056 depictae
574 3012 613 3048 in
626 3024 753 3049 manus
766 3025 864 3050 meas
875 3020 1124 3058 peruenerunt.
1170 3016 1287 3059 Quare
1301 3014 1504 3051 testimonia
1517 3014 1592 3050 eius
1604 3024 1677 3049 non
1688 3011 1832 3057 protuli,
1846 3022 1961 3055 neque

158 3068 280 3102 unm
298 3065 398 3111 piget
417 3071 494 3103 tam
513 3069 732 3104 maculatum
753 3074 791 3105 et
811 3069 979 3106 uitiosum
999 3071 1155 3107 codicem
1175 3071 1468 3116 praetermittere.
1514 3071 1571 3106 De
1590 3068 1848 3106 necessitudine
1867 3077 1960 3111 quae

157 3119 242 3157 huie
250 3120 364 3158 codici
373 3133 455 3158 cum
465 3123 591 3160 ceteris
600 3124 788 3161 intercedit
798 3125 880 3162 uide
889 3126 982 3162 inira
990 3138 1027 3171 p.
1043 3127 1103 3163 141
1116 3127 1199 3163 adn.
1212 3128 1293 3171 2243
1303 3139 1341 3172 p.
1355 3128 1418 3163 152
1430 3126 1513 3163 adn.
1525 3126 1604 3162 256.

247 3176 276 3200 ⁸
287 3177 452 3222 Rothius,
477 3179 628 3224 Praesat.
652 3192 688 3224 p.
712 3181 813 3225 LIII,
837 3182 1048 3226 exemplaria
1071 3183 1324 3228 Goettingense
1345 3188 1383 3220 et
1398 3181 1678 3226 stuttgartinum
1693 3183 1958 3217 commemorat.

158 3231 352 3270 Scheduhe
362 3233 616 3279 phototypieae
629 3247 719 3280 quas
733 3236 1023 3274 habeoeBerolino
1035 3239 1153 3275 nescio
1166 3250 1238 3283 qua
1251 3251 1294 3275 ex
1307 3238 1521 3275 bibliotheca
1533 3236 1718 3282 expeditae
1729 3240 1826 3272 sunt.
