2340 3840
415 371 459 405 36
746 371 813 405 DE
830 371 1122 407 FRAGMENTI
1137 373 1432 409 SVETONIANI
1446 374 1515 408 DE
1532 374 1876 412 GRAMMATICIS
2121 378 2200 421 1⁵36

691 483 817 525 Hanc
844 483 1078 526 editionem
1105 485 1400 531 emendauisse
1426 493 1471 529 et
1498 475 1680 529 edidisse
1707 488 1929 531 Bononiae
1954 502 2032 543 per
2059 490 2196 533 Bene-

609 549 775 591 dictum
798 550 997 592 Hectoris
1019 563 1134 593 anno
1159 552 1266 593 1504
1288 552 1446 594 dicitur
1468 553 1692 606 Philippus
1715 555 2004 597 BeroalduS.⁴⁸
2061 556 2196 599 Cuius

609 622 756 657 tamen
778 616 978 658 editionis
1001 618 1216 670 exemplar
1238 618 1405 660 nullum
1419 619 1536 671 noui,
1549 619 1625 662 sed
1640 620 1943 673 repetitionem
1964 621 2095 664 modo
2117 623 2196 666 Ar-

607 682 823 735 gentorati
839 696 877 724 a.
894 684 1000 725 1510
1016 685 1135 736 apud
1152 684 1217 726 M.
1237 685 1509 727 Schurerium
1523 686 1568 727 in
1583 686 1805 739 publicum
1816 687 2069 739 emissam,⁴⁴
2084 701 2196 742 quae

607 749 664 790 ad
683 750 899 801 exemplar
918 750 1191 792 Berolinense
1205 751 1489 804 phototypice
1503 763 1701 805 expressa
1715 753 2002 796 bibliothecae
2016 754 2196 798 Vniuer-

607 815 749 857 sitatis
763 816 1017 858 Illinoiensis
1031 817 1274 869 nuperrime
1287 818 1478 861 accessit.

690 882 900 924 EDITIO
929 883 1171 925 VENETA
1201 883 1307 925 1474
1334 898 1434 926 cum
1462 885 1667 927 Modesto
1697 886 1761 927 De
1791 887 1851 927 Re
1879 887 2068 928 Militari
2093 900 2194 931 con-

604 948 766 990 iuncta.
803 949 925 991 Parti
938 950 1225 992 Suetonianae
1242 951 1464 1004 praefatus
1477 957 1543 993 est
1556 952 1740 994 Ioannes
1752 952 1938 994 Aloisius
1953 953 2194 997 Tuscanus.

606 1015 765 1056 Noster
797 1015 966 1057 libellus
999 1017 1103 1059 folia
1135 1018 1220 1059 XV
1254 1017 1476 1059 octonaria
1510 1015 1601 1068 (fol.
1637 1016 1839 1069 29a-43b)
1875 1019 2191 1072 complectitur.

605 1082 658 1122 In
691 1081 795 1123 folio
829 1084 912 1124 44a
944 1083 1204 1137 subscriptio
1239 1085 1363 1126 haec:
1392 1084 1575 1126 Modesti
1608 1084 1657 1125 de
1689 1098 1732 1126 re
1766 1085 1944 1127 militari
1976 1078 2192 1140 magistra-

603 1148 713 1189 tibus
743 1149 859 1190 urbis
890 1149 935 1190 ὁ·
964 1151 1204 1191 sacerdotiis
1234 1164 1393 1192 necnon
1424 1151 1469 1191 ἐς·
1498 1151 1673 1192 Suetoni
1703 1152 1751 1192 de
1780 1152 2062 1204 grammaticis
2091 1152 2193 1195 liber

604 1216 833 1268 impressus
856 1222 981 1269 opera
1003 1217 1048 1258 ξφ
1069 1217 1282 1269 impendio
1308 1217 1586 1258 Bartholomei
1608 1218 1884 1259 cremonensis
1907 1231 1956 1260 ac
1979 1219 2193 1262 Bartholo-

604 1282 685 1323 mei
707 1283 756 1323 de
780 1283 888 1324 carlo
911 1284 1172 1324 uercellensis
1195 1284 1286 1324 eius
1310 1284 1502 1325 consocii.
1569 1284 1751 1325 Venetiis
1775 1285 1842 1325 die
1867 1285 2006 1326 .xxvii.
2033 1285 2087 1326 M
2087 1285 2190 1327 adii.

605 1350 671 1390 Μ.
696 1362 794 1390 cccc.
818 1350 962 1391 lxxiiii
994 1350 1038 1390 N
1040 1350 1169 1391 icolao
1194 1351 1394 1391 Marcello
1417 1350 1569 1402 inclyto
1601 1351 1845 1406 Venetorum
1868 1351 1982 1393 duce.
2013 1348 2039 1402 l
2071 1351 2208 1401 ΠΕΟῥ

601 1415 719 1456 GRA
733 1416 800 1456 TI
803 1416 892 1457 AS.
950 1416 1181 1469 Exemplar
1203 1416 1446 1458 Parisinum
1464 1415 1581 1467 (Res.
1606 1418 1659 1457 R.
1685 1414 1806 1467 1457)
1829 1429 1944 1458 anno
1967 1417 2073 1459 1919
2093 1429 2193 1460 con-

605 1481 697 1523 tuli.
756 1481 996 1523 Britannici
1014 1482 1147 1525 etiam
1166 1483 1417 1536 exemplaris
1434 1482 1495 1534 (in
1509 1483 1665 1525 Museo
1678 1483 1930 1524 Britannico
1943 1483 1994 1525 C.
2013 1483 2053 1525 5.
2067 1496 2107 1525 a.
2121 1482 2188 1535 24)

602 1548 744 1601 imago
777 1548 1062 1602 phototypice
1097 1549 1269 1602 depicta
1303 1549 1606 1591 Vniuersitatis
1641 1549 1896 1591 Illinoiensis
1929 1547 2191 1592 liberalitate

602 1614 646 1655 in
663 1627 808 1656 meum
825 1628 952 1656 usum
967 1615 1212 1668 conquisita
1229 1622 1307 1658 est.

684 1681 764 1723 Est
775 1687 923 1723 autem
933 1681 1070 1724 altera
1080 1682 1271 1724 eiusdem
1281 1681 1480 1724 editionis
1490 1681 1727 1735 impressio,
1739 1694 1872 1734 quam
1886 1682 2047 1725 ROMA
2053 1683 2191 1726 ΝΛΜ

601 1747 790 1799 nomino,
819 1761 919 1789 cum
945 1748 1079 1790 Aloisi
1104 1749 1373 1802 praefatione
1399 1748 1475 1790 sed
1511 1748 1715 1790 Modesto
1750 1761 1911 1802 carens,
1947 1748 2038 1789 sine
2072 1761 2188 1791 anno

601 1814 695 1855 loco
722 1814 984 1867 typographi
1009 1815 1196 1866 nomine,
1224 1828 1356 1868 quam
1381 1815 1624 1868 bibliophili
1649 1816 1815 1856 Romae
1841 1814 1911 1856 uel
1936 1828 1987 1855 ex
2013 1814 2189 1856 Ioannis

604 1880 838 1934 Gensbergi
854 1881 1024 1923 officina
1040 1882 1109 1923 uel
1123 1892 1200 1934 per
1216 1883 1426 1923 Ioannem
1442 1882 1678 1923 Schurener
1694 1881 1747 1922 de
1763 1880 1982 1933 Bopardia
1996 1880 2190 1934 prodisse

602 1946 810 1988 docent.⁴⁵
869 1948 1054 1989 Chartas
1080 1949 1137 1990 ad
1162 1949 1378 2001 exemplar
1403 1947 1690 1989 Bodleianum
1712 1946 1997 2000 phototypice
2021 1958 2189 2000 expres-

599 2025 668 2054 sas
684 2013 836 2055 habeo.

683 2080 894 2121 EDITIO
924 2081 1313 2122 FLORENTINA
1345 2079 1450 2122 1478
1477 2080 1680 2121 foliorum
1708 2079 2082 2132 quaternariorum
2110 2078 2187 2120 mi-

600 2135 754 2186 norum
792 2147 947 2187 XIIII.
1008 2147 1190 2189 Initium
1227 2154 1311 2189 est:
1341 2147 1388 2188 C.
1436 2148 1734 2189 SVETONJJ.
1776 2146 1976 2198 TRANQ
1986 2143 2188 2197 ναι-,Ιχ

493 2243 522 2265 ⁴⁸
532 2234 736 2289 Panzer]'D<
751 2255 787 2286 p.
799 2245 877 2287 411,
888 2255 945 2279 no.
958 2246 1012 2280 28.
1027 2246 1064 2280 b:
1088 2240 1265 2280 “Suetonii
1285 2245 1476 2288 Tranquilli
1493 2246 1544 2279 De
1556 2243 1791 2278 Grammaticis
1806 2247 1836 2278 et
1852 2242 2049 2279 Rhetoribus
2062 2242 2191 2279 Claris-

403 2298 503 2334 simis
521 2299 669 2333 Libellus
685 2299 858 2334 Foeliciter
876 2300 1019 2343 Incipit.
1063 2301 1161 2336 Haec
1178 2301 1215 2335 in
1233 2301 1349 2336 fronte
1366 2301 1425 2335 iol.
1447 2302 1499 2335 la.
1544 2300 1588 2334 In
1606 2300 1689 2334 fine:
1712 2299 1735 2333 I
1735 2304 1921 2342 mpressum
1939 2298 2114 2333 Bononiae
2130 2303 2191 2342 per

404 2353 621 2389 Benedictum
641 2355 795 2389 Hectoris
807 2355 1035 2398 Bibliopolam
1047 2361 1077 2391 et
1090 2356 1113 2390 I
1113 2361 1330 2399 mpressorem
1344 2356 1642 2399 Elegantissimum
1655 2355 1758 2389 Anno
1770 2353 1902 2389 Salutis
1912 2354 1968 2388 M.
1981 2353 2154 2388 CCCCCI
2159 2353 2190 2389 V

406 2408 472 2443 Die
490 2409 529 2444 X
535 2409 573 2443 X
579 2410 634 2444 VI
635 2410 658 2444 I
668 2410 800 2445 Ianua.
847 2411 902 2445 Ex
914 2411 1140 2454 Castigatione
1153 2412 1322 2446 Beroaldi.
1368 2411 1509 2454 Insigne
1520 2415 1659 2453 typogr.
1671 2410 1705 2444 4.
1719 2408 1886 2444 Biblioth.
1900 2408 2079 2443 Seheurl.'’

491 2464 521 2487 ⁴⁴
531 2464 665 2499 Panzer
676 2465 732 2499 IX
740 2476 776 2508 p.
788 2466 865 2508 358,
876 2477 933 2501 no.
948 2467 1022 2501 196.
1034 2467 1073 2502 b:
1085 2461 1148 2502 “C.
1164 2467 1278 2501 Plinii
1290 2466 1438 2502 Secundi
1448 2466 1477 2501 J
1477 2466 1610 2500 unieris
1624 2465 1723 2499 Liber
1736 2465 1760 2498 I
1759 2464 1929 2499 llustrium
1949 2463 2116 2511 Virorum.
2145 2462 2186 2499 C.

405 2519 519 2555 Plinii
533 2519 682 2554 Secundi
696 2521 857 2556 Iunioris
879 2522 958 2557 Vita
974 2527 1034 2565 per
1050 2522 1218 2565 Angelum
1238 2522 1485 2565 Tiphematem.
1519 2520 1558 2555 C.
1575 2519 1730 2555 Suetonii
1751 2519 1942 2562 Tranquilli
1954 2519 2006 2554 De
2013 2518 2189 2554 Gramma-

402 2574 480 2609 ticis
492 2579 522 2609 et
533 2575 730 2610 Rhetoribus
740 2576 853 2611 Claris
865 2577 1023 2612 Libellus.
1055 2578 1108 2612 Ex
1119 2577 1148 2611 C
1149 2578 1344 2620 astigatione
1355 2577 1516 2619 Philippi
1527 2575 1695 2611 Beroaldi.
1724 2575 1768 2609 In
1779 2574 1861 2609 fine:
1874 2573 2087 2617 Argentorati
2095 2572 2189 2617 apud

405 2631 470 2665 M.
482 2631 708 2666 Schurerium.
721 2633 834 2667 Mens.
846 2633 987 2668 Martio.
999 2634 1054 2668 M.
1066 2634 1110 2667 D.
1124 2634 1170 2668 X.
1187 2634 1452 2668 REGNANTE
1461 2631 1794 2667 MAXMILIANO
1819 2630 1850 2664 A
1859 2630 1927 2665 VG.
1950 2629 2008 2664 4.”

493 2686 522 2707 ⁴⁵
533 2685 629 2720 Hain
645 2686 764 2729 151313
778 2687 912 2722 Panzer
924 2688 963 2722 ΙΙ
976 2688 1052 2731 528,
1067 2687 1144 2730 670;
1159 2688 1304 2723 Proctor
1316 2688 1414 2722 3515.
1459 2687 1568 2721 Haud
1580 2686 1651 2721 scio
1663 2696 1710 2720 an
1722 2685 1808 2728 haec
1820 2683 1999 2727 impressio
2010 2682 2196 2719 uetustior

403 2740 566 2776 habenda
581 2740 628 2775 sit
642 2752 750 2784 quam
764 2742 899 2777 Veneta
916 2741 1011 2786 1474,
1028 2754 1108 2777 cum
1123 2754 1153 2777 c.
1165 2743 1209 2777 25
1222 2742 1272 2786 (p.
1290 2744 1364 2786 122,
1381 2740 1415 2784 5)
1431 2742 1540 2777 uerba
1554 2746 1584 2776 et
1598 2745 1788 2776 catasceuas
1801 2739 1956 2782 itemque
1968 2736 2042 2781 (1.6)
2058 2738 2137 2774 baec
2149 2737 2187 2774 in

405 2796 540 2831 Veneta
549 2796 676 2839 desint,
687 2796 724 2831 in
734 2798 895 2832 Romana
905 2803 1024 2833 autem
1035 2798 1187 2833 editione
1197 2798 1331 2841 integra
1340 2797 1544 2839 (catascenos
1553 2807 1617 2840 pro
1627 2792 1828 2836 catasceuas)
1839 2793 2079 2830 exhibeantur.
2117 2793 2186 2829 His

405 2861 546 2894 quoque
561 2851 646 2886 locis
662 2852 797 2887 Veneta
815 2853 922 2888 editio
940 2854 1045 2888 falsas
1062 2853 1227 2888 lectiones
1243 2853 1387 2896 profert,
1406 2854 1568 2887 Romana
1584 2856 1704 2886 autem
1720 2861 1801 2885 cum
1818 2849 1956 2892 scriptis
1971 2848 2069 2884 libris
2086 2848 2186 2884 facit:

409 2917 439 2941 c.
452 2907 473 2941 3
489 2906 538 2951 (p.
554 2907 628 2950 103,
641 2906 677 2949 4)
692 2909 731 2942 ed
743 2909 823 2943 uisu
834 2920 898 2952 pro
909 2910 966 2944 sed
977 2910 1058 2944 uisu
1073 2909 1116 2951 (et
1128 2909 1226 2944 omis.
1238 2909 1275 2943 in
1287 2907 1466 2952 utraque);
1479 2919 1509 2942 c.
1521 2909 1544 2942 4
1559 2907 1607 2951 (p.
1624 2907 1697 2949 103,
1711 2904 1768 2947 25)
1781 2905 1992 2948 posteriorem
2002 2915 2067 2949 pro
2081 2909 2186 2948 poste-

404 2962 522 3005 riores3
533 2973 562 2996 c.
578 2963 620 2996 10
634 2962 683 3006 (p.
697 2964 772 3006 108,
785 2962 842 3005 21)
855 2976 931 2999 cum
941 2965 1093 3009 defuncto
1104 2976 1168 3008 pro
1179 2976 1215 2998 eo
1225 2965 1391 3008 defuncto;
1403 2974 1432 2998 e.
1449 2964 1486 2998 11
1503 2962 1553 3007 (p.
1568 2962 1641 3005 110,
1657 2959 1689 3003 1)
1702 2959 1810 2996 nimio
1824 2957 1912 3002 (=C
1927 2958 1976 3001 D)
1989 2970 2054 3004 pro
2064 2959 2185 3002 minim

404 3028 436 3052 c.
451 3017 492 3052 25
510 3017 558 3061 (p.
576 3018 650 3061 120,
668 3017 723 3059 15)
739 3031 812 3053 eam
825 3027 847 3054 'a
859 3030 923 3063 pro
936 3031 1009 3054 eam
1022 3025 1062 3062 et,
1079 3019 1128 3064 (p.
1146 3020 1220 3063 121,
1235 3018 1269 3060 7)
1285 3019 1449 3054 mutinasi
1461 3030 1525 3062 pro
1537 3016 1741 3059 Mutinensi,
1758 3015 1806 3059 (p.
1823 3016 1897 3058 122,
1912 3013 1948 3056 8)
1963 3014 2185 3050 controuersia

405 3082 469 3115 pro
491 3073 742 3108 controuersiae.
789 3074 830 3109 C.
847 3074 893 3108 24
913 3073 962 3118 (p.
989 3075 1063 3117 118,
1081 3072 1135 3116 10)
1152 3078 1272 3109 tamen
1286 3074 1421 3108 Veneta
1435 3077 1577 3116 repetere
1591 3082 1671 3107 cum
1684 3069 1846 3105 omnibus
1859 3069 1956 3104 libris
1969 3068 2108 3112 scriptis
2118 3066 2184 3111 (ro-

405 3132 517 3170 cepere
529 3125 562 3161 0
574 3128 719 3170 reperire
730 3126 779 3170 U)
793 3134 932 3172 praeter
943 3129 1152 3165 Vaticanum
1165 3134 1194 3164 Δ
1215 3133 1377 3172 testatur,
1390 3129 1476 3163 dum
1488 3129 1649 3162 Romana
1661 3125 1768 3161 editio
1779 3129 1943 3168 repeteret,
1955 3124 2052 3167 quod
2063 3123 2100 3159 in
2111 3123 2186 3159 solo

406 3181 576 3217 Vaticano
599 3186 628 3217 Δ
646 3182 835 3227 inuenitur,
854 3184 1004 3220 exhibet.
1050 3185 1212 3228 Itemque
1229 3195 1259 3219 c.
1274 3185 1294 3218 2
1313 3183 1362 3227 (p.
1385 3184 1458 3226 101,
1481 3181 1534 3225 14)
1553 3183 1688 3218 Veneta
1705 3182 1717 3215 l
1737 3180 1869 3223 Aelius,
1887 3180 2050 3215 Romana
2064 3178 2186 3215 Aelius

405 3237 520 3281 spatio
539 3248 652 3273 uacuo
671 3244 755 3274 ante
774 3239 907 3283 relicto;
928 3251 957 3275 c.
979 3241 999 3274 3
1023 3240 1072 3284 (p.
1096 3241 1170 3283 101,
1194 3238 1248 3282 17)
1270 3241 1404 3275 Veneta
1424 3238 1645 3280 numidicum,
1666 3238 1825 3271 Romana
1844 3235 2068 3277 mimidicum;
2088 3244 2117 3270 c.
2142 3235 2184 3269 14

405 3303 440 3335 p.
460 3293 533 3335 112,
553 3291 586 3334 1)
604 3293 737 3328 Veneta
753 3294 817 3337 illi,
834 3296 994 3330 Romana
1009 3296 1076 3331 ille.
