2340 3840
390 352 456 387 156
698 352 767 387 DE
783 352 1076 387 FRAGMENTI
1091 352 1387 388 SVETONIANI
1405 353 1473 387 DE
1489 353 1834 389 GRAMMATICIS
2101 354 2179 397 16⁵6

587 468 611 513 ζ
629 459 690 513 (Η
712 459 746 504 Ρ
768 459 805 504 U
827 459 860 504 C
880 465 913 504 Δ
939 459 993 514 Q)
1651 461 1702 504 M
1725 459 1766 505 K
1804 480 1835 506 ω

385 540 421 570 c.
437 529 503 580 28,
523 540 566 581 p.
584 529 676 580 124,
696 529 744 571 15
801 528 1095 582 principatum
1126 534 1212 571 cett.
1316 528 1653 582 praecipitatum

802 594 1111 648 precipitatum
1156 592 1195 644 Q

382 674 418 702 c.
433 661 500 712 30,
520 673 563 714 p.
582 661 673 712 125,
693 662 741 703 13
799 661 918 704 omis.
968 667 1053 704 cett.
1090 668 1242 704 contra
1313 668 1465 704 contra

695 795 745 835 18
801 724 951 847 gaque
971 791 1014 835 H
1034 791 1071 836 U
1088 797 1122 836 Δ
1158 794 1240 837 ita-
1310 801 1444 848 atque
1461 794 1525 837 ita
1539 811 1570 836 ω
1603 807 1742 837 mores
1757 795 1822 838 ita
1840 791 1876 836 X
1906 801 2093 849 actaque
2107 795 2172 838 ita

804 873 888 913 que
917 860 981 903 ita
1012 858 1044 904 C
1105 867 1239 914 atque
1309 857 1350 902 K

801 927 865 969 ita
889 923 928 975 Q

522 1005 565 1045 p.
584 993 676 1044 126,
722 992 744 1034 7
802 1007 856 1035 ne
875 998 960 1035 cett.
999 1006 1079 1036 nec
1102 990 1141 1042 Q
1309 1007 1389 1036 nec

722 1058 744 1101 7
803 1059 1036 1175 operandiQ
1047 1065 1132 1102 cett.
1166 1072 1239 1113 pe·
1307 1060 1540 1114 perorandi
1556 1059 1808 1114 (proorandi
1828 1057 1896 1112 W)

800 1126 974 1168 rorandi

471 1224 556 1277 Qui
583 1225 661 1267 has
687 1225 892 1267 lectiones
919 1225 1260 1279 perlustrauerit‚
1289 1226 1496 1269 continuo
1523 1226 1735 1269 iudicabit
1761 1227 1985 1269 librarium
2021 1233 2044 1278 ς·
2079 1237 2174 1280 per-

386 1303 528 1344 pauca
548 1292 601 1333 de
620 1291 834 1334 industria
853 1291 1105 1344 mutauisse,
1125 1293 1201 1334 sed
1219 1293 1390 1346 saepius
1408 1300 1587 1346 propter
1605 1292 1869 1346 imperitiam
1887 1299 1932 1336 et
1950 1291 2174 1347 neglegen-

387 1357 496 1399 tiam
517 1357 737 1400 errauisse.
789 1359 857 1400 Ne
878 1371 966 1400 una
988 1355 1164 1411 quidem
1184 1359 1300 1401 bona
1319 1359 1448 1401 lectio
1468 1359 1701 1402 inuenitur.
1754 1360 1804 1402 C.
1827 1361 1880 1401 28
1899 1358 1960 1413 (p.
1986 1360 2080 1412 124,
2105 1357 2170 1410 14)

387 1424 437 1465 ab
457 1424 615 1477 Epidio
635 1424 822 1466 Rothius
833 1425 1039 1477 probauit
1051 1438 1191 1478 neque
1203 1426 1327 1467 edere
1340 1425 1574 1468 dubitauit.
1623 1427 1725 1468 Non
1737 1425 1899 1468 infitior
1910 1438 2174 1479 praenomen

385 1489 447 1531 illi
467 1490 548 1532 deo
567 1489 639 1531 uix
658 1491 901 1543 conuenire,
921 1491 997 1533 sed
1025 1504 1152 1534 nemo
1181 1492 1382 1534 dubitare
1409 1499 1556 1545 potest
1586 1492 1690 1545 quin
1719 1494 1755 1535 C
1781 1492 1930 1535 littera
1956 1491 2101 1535 locum
2127 1491 2173 1534 in

386 1557 679 1600 Hersieldensi
693 1558 803 1600 libro
818 1558 1048 1600 obtineret.

385 1659 424 1698 4.
486 1658 685 1700 Comcns
730 1656 773 1700 H
808 1656 842 1699 P
880 1655 917 1700 U
952 1671 981 1700 E
1016 1670 1229 1701 COMMVNI
1262 1660 1539 1702 AchErYPo
1574 1671 1831 1702 DEPERnrro
1865 1676 1890 1710 η
1922 1659 2164 1703 Omommr

545 1736 763 1766 TRAXISSE
783 1737 1194 1767 DEMONSTRANTVR.
1235 1726 1554 1768 Nncnssrrvno
1574 1737 1716 1768 INTER
1737 1726 1949 1768 Comcmr
1970 1722 2013 1767 H

672 1803 730 1832 Er
750 1792 1015 1833 EnrrroNEM
1036 1803 1156 1840 QVAE
1177 1793 1381 1834 INCERTA
1399 1803 1608 1834 vocxrvn
1627 1803 1900 1834 nxcvrrrtm.

855 1858 900 1900 N
902 1870 1115 1899 ONNVLLA
1133 1870 1193 1900 DE
1216 1859 1390 1900 Comen
1410 1855 1448 1900 U
1468 1870 1710 1900 mcvnrvn.

468 1955 660 1998 Vitiosus
677 1955 748 1998 ille
766 1957 900 1999 codex
918 1962 941 2007 ζ
960 1957 1068 1999 duos
1085 1956 1331 2010 procreauit
1349 1957 1472 2009 filios,
1493 1970 1601 2011 quos
1618 1975 1642 2007 η
1660 1964 1705 2000 et
1732 1962 1754 2000 θ
1781 1957 1972 2009 nomino,
2001 1956 2078 2010 qui
2103 1955 2169 1998 ita.

385 2028 435 2063 ut
447 2028 573 2074 pater
587 2035 736 2064 eorum
748 2023 981 2076 perierunt.
1027 2024 1092 2064 Ex
1112 2042 1135 2074 η
1150 2024 1318 2066 codices
1333 2024 1591 2066 Harleianus
1603 2020 1681 2075 (H)
1697 2037 1798 2066 cum
1811 2023 1902 2066 eius
1915 2023 2170 2076 apographo

385 2088 580 2130 Parisino
597 2087 666 2140 (P)
689 2095 733 2131 et
755 2089 940 2132 Vrbinas
960 2087 1031 2140 (U)
1053 2088 1222 2140 (neuter
1244 2097 1392 2132 tamen
1412 2090 1554 2143 primo
1574 2088 1725 2144 gradu)
1747 2089 1956 2143 originem
1971 2089 2168 2140 trahunt,

385 2168 407 2195 e
424 2158 445 2195 θ
461 2161 611 2196 autem
628 2155 759 2197 ceteri
776 2156 959 2207 codices,
981 2156 1382 2198 Cheltenhamensis
1397 2154 1466 2208 (C)
1485 2169 1585 2198 cum
1603 2156 1693 2198 eius
1710 2156 1962 2210 apographo
1993 2155 2166 2198 Floren-

383 2220 476 2262 tino
490 2218 554 2272 (F)
574 2221 825 2273 ,Vaticanus
840 2224 948 2264 4498
963 2221 1042 2274 (Δ),
1060 2222 1346 2264 Berolinensis
1359 2220 1452 2274 (Q).

467 2287 647 2329 Codices
660 2285 702 2329 H
715 2295 759 2330 et
773 2286 810 2330 U
823 2302 846 2330 e
862 2289 1082 2330 communi
1097 2290 1335 2342 archetypo
1350 2307 1373 2339 η
1390 2289 1633 2331 manauisse
1643 2289 1848 2331 lectiones
1860 2301 1968 2341 quas
1977 2287 2090 2330 infra
2100 2301 2170 2329 ex-

382 2364 499 2405 pono
517 2354 748 2396 docebunt.
796 2356 849 2396 In
867 2355 1019 2397 dextra
1035 2356 1236 2397 columna
1253 2355 1312 2397 eis
1329 2355 1586 2397 lectionibus
1605 2368 1715 2408 quae
1731 2355 1776 2397 in
1792 2372 1822 2406 γ
1838 2361 1918 2397 aut
1943 2360 1968 2406 ζ·
1993 2359 2166 2396 exortae

383 2421 534 2462 sunt²⁵⁹
556 2421 745 2474 primum
768 2423 911 2464 locum
935 2423 1131 2474 attribui,
1157 2437 1256 2464 cum
1279 2423 1477 2464 librarius
1507 2439 1530 2472 η
1561 2423 1638 2464 has
1662 2423 1925 2475 corruptelas
1956 2422 2168 2463 nonnum-

385 2500 516 2539 quam
541 2488 760 2530 sanauerit
785 2490 853 2530 uel
878 2502 1028 2531 sanare
1054 2496 1236 2530 conatus
1261 2490 1330 2530 sit.

681 2582 705 2615 η
727 2562 788 2610 (H
810 2562 844 2606 Ρ
864 2562 916 2615 U)
1723 2582 1753 2607 ω

381 2642 416 2670 c.
436 2631 471 2680 1,
520 2643 562 2683 p.
582 2631 673 2682 100,
718 2632 743 2672 8
800 2631 836 2672 si
856 2632 961 2684 quid
1308 2632 1521 2685 siquidem
1538 2649 1565 2682 Ὑ
1597 2632 1634 2673 si
1651 2632 1756 2685 quid
1770 2648 1801 2673 ω

401 2735 407 2738 .
692 2698 740 2738 12
797 2697 996 2739 feruntur
1017 2697 1078 2748 (=
1094 2695 1148 2748 Q)
1307 2698 1504 2739 ferantur

380 2775 415 2803 c.
433 2764 471 2813 2,
519 2775 562 2815 p.
581 2764 672 2814 100,
693 2765 743 2805 14
799 2763 1037 2805 Aristarchi
1060 2763 1159 2815 (=ss
1188 2762 1236 2815 Δ)
1308 2764 1515 2806 Aristarci
1533 2762 1791 2814 (Haristarci
1812 2761 1863 2814 X)

692 2831 741 2870 16
798 2830 958 2871 bellum
1032 2830 1239 2883 punicum
1307 2830 1515 2883 punicum
1561 2830 1722 2872 bellum

798 2895 860 2946 (=
892 2894 931 2938 Ῑ(
949 2895 998 2947 Δ)
1309 2914 1595 2950 retractarent
1623 2906 1880 2959 (tractarent
1911 2905 1945 2949 B
2006 2892 2166 2948 retrirc-

519 2986 562 3025 p.
582 2974 672 3024 101,
718 2975 741 3014 2
799 2974 1031 3015 recitarent
1309 2981 1453 3016 tarent
1476 2971 1520 3024 L)

381 3051 417 3079 c.
433 3040 472 3089 3,
521 3052 563 3091 p.
585 3040 675 3090 102,
721 3041 746 3080 6
802 3046 902 3093 post
925 3040 1030 3082 haec
1054 3037 1095 3080 H
1138 3047 1239 3093 post
1308 3040 1495 3082 Posthac
1513 3059 1537 3082 α
1565 3041 1669 3081 Post
1685 3040 1766 3080 hoc
1779 3038 1902 3090 (Post
1917 3038 1994 3080 hos
2010 3035 2054 3089 L)
2070 3055 2100 3080 ω

799 3107 877 3148 hec
898 3104 935 3147 U
953 3103 1074 3157 (=B)

469 3204 509 3226 ²⁸⁹
522 3203 610 3239 Vide
623 3215 728 3247 supra
743 3216 778 3248 p.
797 3205 859 3239 143
876 3216 943 3248 sq.;
958 3216 993 3248 p.
1013 3206 1074 3240 152
1091 3216 1143 3248 sq.
