2340 3840
925 688 1119 730 CAPVT
1159 689 1198 730 V

157 788 277 841 va
297 789 404 831 Vnu
435 800 570 830 nocrr
600 800 651 830 IN
674 789 876 831 svmom
906 789 1194 830 FRAGMENTO
1226 800 1283 829 m·
1310 789 1523 829 D1ALooo
1554 788 1760 829 TAano
1791 798 1964 829 RECEN-

475 866 636 897 smmrs
657 866 717 896 DE
738 866 927 897 nostrus
950 855 1200 897 Comcrnvs
1221 866 1375 896 Annvc
1395 865 1726 895 rvn1CAvER1N1

215 996 225 1001 *A
242 955 346 998 Non
379 955 532 1010 ignoro
565 968 617 998 ea
651 969 764 1008 quae
799 955 852 997 de
887 955 1087 997 codicum
1123 954 1490 997 Suetonianorum
1524 953 1800 996 consortione
1833 964 1967 1006 supra

158 1022 338 1076 exposui
353 1021 483 1065 ualde
499 1021 671 1064 differre
686 1022 744 1064 ab
759 1021 820 1064 eis
837 1035 950 1075 quae
965 1035 1017 1064 ex
1032 1021 1389 1075 indagationibus
1405 1020 1599 1062 uirorum
1615 1019 1967 1062 doctissimorum

157 1089 205 1132 in
222 1089 404 1132 Suetoni
421 1089 668 1143 fragmento
685 1095 730 1131 et
752 1089 930 1142 Dialogo
948 1087 1131 1130 Taciteo
1148 1087 1420 1130 recensendis
1437 1093 1748 1140 prouenerunt.
1808 1087 1967 1129 Restat

158 1155 292 1210 igitur
310 1162 362 1198 ut
381 1156 436 1199 de
454 1155 733 1209 opinionibus
754 1168 863 1208 quas
883 1155 957 1197 alii
978 1155 1031 1197 de
1051 1154 1133 1197 hac
1153 1169 1198 1196 re
1218 1160 1511 1208 conceperunt
1531 1153 1723 1196 breuiter
1743 1152 1965 1195 disseram.

242 1223 312 1266 De
332 1222 541 1265 Suetonio
559 1235 647 1264 non
666 1229 733 1264 est
753 1222 943 1264 multum
963 1222 1082 1275 quod
1102 1221 1259 1273 dicam,
1279 1221 1496 1274 siquidem
1515 1220 1597 1262 uiri
1617 1219 1871 1271 doctissimi,
1893 1220 1968 1274 qui

158 1289 217 1332 ad
242 1289 359 1332 hunc
384 1289 580 1332 libellum
607 1289 826 1331 edendum
853 1302 1004 1331 curam
1031 1294 1166 1342 atque
1194 1288 1441 1330 doctrinam
1468 1287 1763 1338 contulerunt,
1791 1286 1968 1329 familiis

159 1355 456 1411 stirpibusque
510 1355 764 1398 ordinandis
819 1369 1063 1409 numquam
1117 1356 1397 1398 studuerunt.
1457 1354 1657 1397 Trossius
1711 1354 1967 1397 Leidensem

158 1422 353 1466 codicem
376 1429 470 1466 tam
494 1423 651 1465 eximia
674 1436 766 1465 esse
789 1422 990 1465 bonitate
1015 1423 1153 1474 duxit,
1179 1429 1230 1464 ut
1254 1422 1386 1465 ceteri
1410 1435 1560 1464 omnes
1583 1421 1750 1475 neglegi
1773 1427 1966 1474 possent.

158 1490 362 1534 Osannus
386 1489 502 1532 illius
536 1490 736 1532 codicum
766 1490 946 1544 exiguae
977 1489 1128 1543 copiae
1160 1503 1247 1543 qua
1278 1503 1381 1531 usus
1412 1496 1479 1531 est
1510 1502 1660 1531 ueram
1686 1488 1878 1530 indolem
1903 1487 1969 1530 ita

158 1569 316 1611 parum
342 1556 576 1611 perspexit,
606 1564 656 1599 ut
684 1570 773 1598 non
800 1557 942 1599 solum
970 1553 1016 1608 L,
1047 1557 1122 1610 qui
1149 1557 1285 1599 etiam
1312 1556 1442 1598 hodie
1468 1556 1583 1598 inter
1611 1555 1808 1597 meliores
1834 1555 1968 1597 libros

159 1623 387 1667 habendus
408 1630 489 1676 est,
511 1625 588 1666 sed
610 1624 745 1666 etiam
767 1623 1041 1677 turpissimos
1062 1623 1170 1666 istos
1191 1624 1360 1666 codices
1382 1623 1683 1674 Harleianum,
1706 1621 1967 1673 Parisinum,

159 1690 498 1742 Berolinensem,
526 1704 677 1733 omnes
705 1691 830 1744 quasi
856 1691 1110 1745 apographa
1136 1691 1272 1744 ipsius
1300 1689 1618 1733 Hersfeldensis
1644 1689 1744 1731 libri
1771 1689 1967 1731 haberet.

158 1756 289 1812 Quid,
311 1758 430 1812 quod
450 1757 508 1800 ob
527 1757 781 1800 collationes
801 1757 1176 1812 neglegentissime
1196 1758 1338 1800 factas
1358 1771 1413 1800 ne
1433 1756 1515 1799 hoc
1536 1756 1714 1810 quidem
1735 1755 1968 1809 perspexit,

159 1824 406 1868 Parisinum
419 1839 472 1867 ex
486 1824 724 1867 Harleiano
739 1825 1055 1878 transcriptum
1069 1838 1161 1867 esse
1169 1825 1229 1866 !³⁵⁹

246 1890 403 1945 Neq‘ue
422 1890 627 1942 Rothius,
649 1890 851 1944 quamuis
871 1890 1110 1933 editionem
1127 1891 1344 1944 prioribus
1363 1890 1490 1944 longe
1510 1889 1844 1932 antecellentem
1863 1901 1964 1931 con·

158 1958 327 2011 iecerit,
348 1971 557 2013 magnum
575 1972 826 2012 processum
846 1959 891 2000 in
910 1973 1023 2000 nexu
1044 1959 1119 2012 qui
1139 1967 1204 2001 est
1224 1960 1337 2001 inter
1357 1966 1528 2000 nostros
1549 1958 1717 1999 codices
1737 1957 1819 1999 rite
1838 1956 1967 1998 aesti-

159 2024 323 2067 mando
340 2024 511 2067 habuit.
558 2024 687 2077 Quod
703 2038 754 2066 ex
771 2038 822 2067 eo
839 2031 1038 2078 apparet,
1057 2025 1175 2078 quod
1191 2025 1447 2067 Leidensem
1465 2031 1510 2067 et
1529 2023 1782 2066 Gudianum
1798 2022 1969 2065 codices

163 2086 282 2134 “duo
308 2091 435 2146 quasi
459 2091 795 2146 apographa'’³⁶⁰
817 2091 918 2133 libri
933 2092 1250 2135 Hersfeldensis
1266 2091 1439 2134 statuit.
1496 2093 1599 2132 Duo
1615 2089 1794 2132 omnino
1809 2102 1968 2143 genera

159 2157 374 2202 librorum
391 2158 624 2213 distinguit
642 2159 847 2211 Rothius,
867 2173 1054 2212 quorum
1072 2173 1210 2200 unum
1227 2159 1369 2201 indice
1387 2157 1775 2212 grammaticorum
1802 2163 1847 2199 et
1874 2155 1969 2198 rhe-

160 2232 309 2269 torum
322 2225 574 2280 praeditum
588 2226 661 2278 sit,
678 2226 866 2269 alterum
887 2225 1028 2268 indice
1049 2226 1305 2280 plerumque
1327 2232 1487 2268 careat.
1540 2226 1683 2277 Quam
1705 2223 1968 2278 opinionem,

161 2299 212 2336 ut
233 2291 291 2336 ab
314 2292 481 2336 Rothio
501 2293 793 2345 enuntiatam,
816 2306 916 2335 cum
937 2306 1095 2346 parum
1116 2293 1199 2335 sibi
1220 2299 1514 2335 consentanea
1537 2291 1643 2333 mihi
1664 2291 1882 2342 uideatur,
1905 2290 1970 2343 ip-

160 2359 250 2402 sius
273 2359 418 2403 uerbis
439 2359 631 2413 proferre
654 2360 805 2402 malim
814 2362 870 2402 :⁸⁶¹
906 2355 1258 2414 “Distinguimus
1290 2360 1422 2414 igitur
1455 2360 1543 2401 duo
1564 2359 1775 2400 librorum
1797 2370 1968 2412 genera,

161 2439 349 2481 quorum
371 2426 562 2469 alterum
585 2426 728 2470 indice
750 2427 942 2480 praefixo
967 2427 1161 2470 notabile
1185 2427 1354 2469 codices
1378 2427 1616 2470 Vaticanos
1644 2427 1750 2468 1518
1775 2432 1820 2467 et
1848 2425 1968 2476 1862,

161 2493 432 2546 Leidensem,
464 2494 731 2546 Gudianum,
762 2494 1121 2548 Neapolitanum,
1150 2501 1376 2548 praeterea
1406 2493 1704 2536 Florentinam
1732 2492 1970 2534 editionem

161 2560 483 2614 complectitur,
506 2561 723 2614 simulque
746 2561 919 2604 interna
941 2575 1021 2604 sua
1043 2561 1316 2615 praestantia
1339 2561 1686 2611 commendatur,
1711 2560 1900 2602 alterum
1921 2558 1971 2600 li-

162 2627 262 2670 bros
295 2627 524 2670 continens
557 2628 823 2670 Vaticanum
854 2630 980 2680 4498,
1014 2629 1330 2680 Florentinum,
1364 2630 1597 2679 Venetum‚
1631 2627 1970 2677 Berolinensem,

163 2693 466 2747 Harleianum,
490 2694 737 2737 Parisinum
760 2709 861 2737 cum
883 2695 1148 2738 editionibus
1172 2697 1348 2739 Incerta
1371 2708 1422 2738 ac
1445 2697 1614 2738 Veneta
1637 2708 1677 2737 a.
1705 2693 1811 2736 1474
1835 2700 1880 2736 et
1908 2693 1972 2734 in-

162 2761 257 2804 dice
272 2768 392 2804 caret
408 2768 453 2804 et
468 2762 748 2804 auctoritate.
795 2763 854 2805 Et
870 2762 1058 2805 indicem
1075 2763 1254 2817 quidem
1267 2775 1345 2816 per
1361 2777 1405 2804 se
1421 2769 1672 2816 spectatum
1689 2761 1746 2803 ad
1760 2761 1972 2802 librorum

161 2828 409 2871 bonitatem
435 2828 542 2870 nihil
567 2829 723 2881 facere,
760 2829 1012 2872 Florentina
1039 2831 1173 2873 editio
1199 2838 1244 2873 et
1270 2830 1510 2872 Vaticanus
1535 2829 1643 2871 liber
1663 2830 1773 2870 4498
1794 2827 1973 2870 conuin-

163 2902 285 2948 cunt,
305 2909 491 2949 quorum
506 2896 580 2938 illa
595 2895 737 2938 indice
753 2909 903 2939 carens
921 2897 1087 2939 meliori
1101 2898 1312 2939 librorum
1327 2897 1486 2951 generi,
1504 2897 1574 2938 hic
1590 2896 1731 2938 indice
1747 2894 1973 2949 praeditus

164 2961 368 3005 deteriori
383 2963 671 3017 assignandus
687 2963 784 3006 fuit.
827 2964 911 3006 Sed
927 2965 1096 3006 facilius
1112 2965 1194 3006 hoc
1211 2971 1470 3018 argumento
1487 2964 1569 3006 tibi
1585 2962 1880 3018 persuadebis,
1900 2961 1972 3003 de-

165 3030 343 3073 teriores
356 3030 491 3074 libros
506 3044 655 3072 omnes
670 3045 720 3073 ex
735 3032 882 3085 aliquo
896 3033 1094 3086 exemplo
1109 3033 1294 3074 melioris
1309 3032 1474 3086 generis
1489 3032 1577 3073 iam
1592 3031 1698 3073 satis
1714 3031 1972 3084 depravato,

254 3131 294 3152 δ’
308 3129 398 3165 Vide
412 3141 519 3173 supra
533 3141 569 3174 p.
589 3131 651 3165 162
669 3141 722 3174 sq.

255 3185 301 3208 ¹⁸⁰
314 3186 463 3229 Praesat.
479 3197 515 3230 p.
531 3187 662 3221 LXVI.

255 3242 297 3263 ⁸⁸¹
314 3241 463 3285 Praesat.
479 3253 514 3285 p.
533 3243 610 3277 LX.

1043 3305 1102 3339 187
