<?xml version="1.0" encoding="UTF-8"?>
<!DOCTYPE html PUBLIC "-//W3C//DTD XHTML 1.0 Transitional//EN"
    "http://www.w3.org/TR/xhtml1/DTD/xhtml1-transitional.dtd">
<html xmlns="http://www.w3.org/1999/xhtml" xml:lang="en" lang="en">
 <head>
  <title>
</title>
<meta http-equiv="Content-Type" content="text/html;charset=utf-8" />
  <meta name='ocr-system' content='tesseract 3.04.00' />
  <meta name='ocr-capabilities' content='ocr_page ocr_carea ocr_par ocr_line ocrx_word'/>
</head>
<body>
  <div class='ocr_page' id='page_1' title='image "./defragmentisueto00robiuoft_0193.png"; bbox 0 0 2340 3840; ppageno 0'>
   <div class='ocr_carea' id='block_1_1' title="bbox 159 338 1969 383">
    <p class='ocr_par' dir='ltr' id='par_1_1' title="bbox 159 338 1969 383">
     <span class='ocr_line' id='line_1_1' title="bbox 159 338 1969 383; baseline 0 -10"><span class='ocrx_word' id='word_1_1' title='bbox 159 339 240 383; x_wconf 74' lang='lat'><strong>6891</strong></span> <span class='ocrx_word' id='word_1_2' title='bbox 563 339 628 373; x_wconf 89' lang='lat' dir='ltr'><strong>ET</strong></span> <span class='ocrx_word' id='word_1_3' title='bbox 643 339 953 374; x_wconf 88' lang='lat' dir='ltr'><strong>RHETORIBVS</strong></span> <span class='ocrx_word' id='word_1_4' title='bbox 971 338 1197 374; x_wconf 92' lang='lat' dir='ltr'>CODICVM</span> <span class='ocrx_word' id='word_1_5' title='bbox 1215 338 1251 372; x_wconf 95' lang='lat' dir='ltr'>N</span> <span class='ocrx_word' id='word_1_6' title='bbox 1253 338 1353 373; x_wconf 87' lang='lat' dir='ltr'><strong>EXV</strong></span> <span class='ocrx_word' id='word_1_7' title='bbox 1369 338 1433 372; x_wconf 88' lang='grc' dir='ltr'><strong>ΕΤ</strong></span> <span class='ocrx_word' id='word_1_8' title='bbox 1450 338 1566 372; x_wconf 87' lang='lat' dir='ltr'><strong>FIDE</strong></span> <span class='ocrx_word' id='word_1_9' title='bbox 1907 340 1969 373; x_wconf 89' lang='lat'><strong>189</strong></span> 
     </span>
    </p>
   </div>
   <div class='ocr_carea' id='block_1_2' title="bbox 111 450 1978 3123">
    <p class='ocr_par' dir='ltr' id='par_1_2' title="bbox 159 450 1970 562">
     <span class='ocr_line' id='line_1_2' title="bbox 159 450 1970 506; baseline -0.001 -11"><span class='ocrx_word' id='word_1_10' title='bbox 159 451 222 496; x_wconf 80' lang='lat' dir='ltr'><strong>eis</strong></span> <span class='ocrx_word' id='word_1_11' title='bbox 241 451 371 494; x_wconf 82' lang='lat' dir='ltr'><strong>unius</strong></span> <span class='ocrx_word' id='word_1_12' title='bbox 390 451 633 506; x_wconf 79' lang='lat' dir='ltr'><strong>apographi</strong></span> <span class='ocrx_word' id='word_1_13' title='bbox 651 451 886 505; x_wconf 85' lang='lat' dir='ltr'><strong>imaginem</strong></span> <span class='ocrx_word' id='word_1_14' title='bbox 906 457 1164 503; x_wconf 90' lang='lat' dir='ltr'><strong>restaurare,</strong></span> <span class='ocrx_word' id='word_1_15' title='bbox 1186 457 1236 492; x_wconf 92' lang='lat' dir='ltr'><strong>ut</strong></span> <span class='ocrx_word' id='word_1_16' title='bbox 1256 464 1307 493; x_wconf 89' lang='lat' dir='ltr'><strong>ex</strong></span> <span class='ocrx_word' id='word_1_17' title='bbox 1328 450 1598 493; x_wconf 90' lang='lat' dir='ltr'><strong>diuersorum</strong></span> <span class='ocrx_word' id='word_1_18' title='bbox 1617 451 1828 493; x_wconf 90' lang='lat' dir='ltr'><strong>librorum</strong></span> <span class='ocrx_word' id='word_1_19' title='bbox 1848 452 1970 495; x_wconf 91' lang='lat' dir='ltr'><strong>testi-</strong></span> 
     </span>
     <span class='ocr_line' id='line_1_3' title="bbox 160 518 816 562; baseline -0.005 0"><span class='ocrx_word' id='word_1_20' title='bbox 160 518 318 562; x_wconf 83' lang='lat' dir='ltr'><strong>moniis</strong></span> <span class='ocrx_word' id='word_1_21' title='bbox 338 519 518 562; x_wconf 88' lang='lat' dir='ltr'><strong>conflati</strong></span> <span class='ocrx_word' id='word_1_22' title='bbox 537 518 816 561; x_wconf 89' lang='lat' dir='ltr'><strong>uideantur.&#39;&#39;</strong></span> 
     </span>
    </p>

    <p class='ocr_par' dir='ltr' id='par_1_3' title="bbox 159 582 1972 1243">
     <span class='ocr_line' id='line_1_4' title="bbox 245 582 1970 638; baseline 0 -10"><span class='ocrx_word' id='word_1_23' title='bbox 245 585 430 629; x_wconf 84' lang='lat' dir='ltr'><strong>Codices</strong></span> <span class='ocrx_word' id='word_1_24' title='bbox 467 583 726 627; x_wconf 86' lang='lat' dir='ltr'><strong>Suetoniani</strong></span> <span class='ocrx_word' id='word_1_25' title='bbox 760 591 865 638; x_wconf 90' lang='lat' dir='ltr'><strong>post</strong></span> <span class='ocrx_word' id='word_1_26' title='bbox 904 582 1312 626; x_wconf 85' lang='lat' dir='ltr'><strong>Reifferscheidium</strong></span> <span class='ocrx_word' id='word_1_27' title='bbox 1347 582 1474 637; x_wconf 88' lang='lat' dir='ltr'><strong>quasi</strong></span> <span class='ocrx_word' id='word_1_28' title='bbox 1506 589 1721 637; x_wconf 89' lang='lat' dir='ltr'><strong>perpetua</strong></span> <span class='ocrx_word' id='word_1_29' title='bbox 1750 584 1970 628; x_wconf 90' lang='lat' dir='ltr'><strong>obliuione</strong></span> 
     </span>
     <span class='ocr_line' id='line_1_5' title="bbox 159 651 1967 706; baseline 0.001 -11"><span class='ocrx_word' id='word_1_30' title='bbox 159 651 311 696; x_wconf 85' lang='lat' dir='ltr'><strong>obruti</strong></span> <span class='ocrx_word' id='word_1_31' title='bbox 329 653 497 695; x_wconf 79' lang='lat' dir='ltr'><strong>sunt.⁸⁶⁶</strong></span> <span class='ocrx_word' id='word_1_32' title='bbox 519 651 686 695; x_wconf 86' lang='lat' dir='ltr'><strong>Contra</strong></span> <span class='ocrx_word' id='word_1_33' title='bbox 706 652 751 694; x_wconf 90' lang='lat' dir='ltr'><strong>in</strong></span> <span class='ocrx_word' id='word_1_34' title='bbox 770 653 947 706; x_wconf 84' lang='lat' dir='ltr'><strong>Dialogo</strong></span> <span class='ocrx_word' id='word_1_35' title='bbox 964 651 1146 694; x_wconf 90' lang='lat' dir='ltr'><strong>Taciteo</strong></span> <span class='ocrx_word' id='word_1_36' title='bbox 1162 651 1424 694; x_wconf 90' lang='lat' dir='ltr'><strong>recensendo</strong></span> <span class='ocrx_word' id='word_1_37' title='bbox 1441 651 1523 693; x_wconf 92' lang='lat' dir='ltr'><strong>uiri</strong></span> <span class='ocrx_word' id='word_1_38' title='bbox 1538 652 1779 694; x_wconf 85' lang='lat' dir='ltr'><strong>doctissimi</strong></span> <span class='ocrx_word' id='word_1_39' title='bbox 1794 653 1895 695; x_wconf 92' lang='lat' dir='ltr'><strong>inde</strong></span> <span class='ocrx_word' id='word_1_40' title='bbox 1910 654 1967 696; x_wconf 87' lang='lat' dir='ltr'><strong>ab</strong></span> 
     </span>
     <span class='ocr_line' id='line_1_6' title="bbox 160 716 1970 771; baseline -0.001 -8"><span class='ocrx_word' id='word_1_41' title='bbox 160 719 321 763; x_wconf 83' lang='lat' dir='ltr'><strong>Adolfo</strong></span> <span class='ocrx_word' id='word_1_42' title='bbox 333 717 608 762; x_wconf 86' lang='lat' dir='ltr'><strong>Michaelisio</strong></span> <span class='ocrx_word' id='word_1_43' title='bbox 617 716 675 770; x_wconf 89' lang='lat' dir='ltr'><strong>(a.</strong></span> <span class='ocrx_word' id='word_1_44' title='bbox 691 716 815 770; x_wconf 90' lang='lat'>1868)</span> <span class='ocrx_word' id='word_1_45' title='bbox 827 731 965 771; x_wconf 89' lang='lat' dir='ltr'><strong>usque</strong></span> <span class='ocrx_word' id='word_1_46' title='bbox 980 718 1038 760; x_wconf 90' lang='lat' dir='ltr'><strong>ad</strong></span> <span class='ocrx_word' id='word_1_47' title='bbox 1053 717 1283 759; x_wconf 87' lang='lat' dir='ltr'><strong>Alfredum</strong></span> <span class='ocrx_word' id='word_1_48' title='bbox 1300 717 1641 760; x_wconf 89' lang='lat' dir='ltr'><strong>Gudemannum</strong></span> <span class='ocrx_word' id='word_1_49' title='bbox 1654 717 1713 769; x_wconf 92' lang='lat' dir='ltr'><strong>(a.</strong></span> <span class='ocrx_word' id='word_1_50' title='bbox 1730 718 1853 771; x_wconf 87' lang='lat'>1914)</span> <span class='ocrx_word' id='word_1_51' title='bbox 1868 716 1970 762; x_wconf 88' lang='lat' dir='ltr'><strong>huic</strong></span> 
     </span>
     <span class='ocr_line' id='line_1_7' title="bbox 160 783 1970 839; baseline -0.001 -10"><span class='ocrx_word' id='word_1_52' title='bbox 160 785 217 830; x_wconf 86' lang='lat' dir='ltr'><strong>de</strong></span> <span class='ocrx_word' id='word_1_53' title='bbox 229 784 431 829; x_wconf 86' lang='lat' dir='ltr'><strong>codicum</strong></span> <span class='ocrx_word' id='word_1_54' title='bbox 446 797 559 828; x_wconf 84' lang='lat' dir='ltr'><strong>nexu</strong></span> <span class='ocrx_word' id='word_1_55' title='bbox 573 798 627 828; x_wconf 89' lang='lat' dir='ltr'><strong>ac</strong></span> <span class='ocrx_word' id='word_1_56' title='bbox 641 785 726 828; x_wconf 90' lang='lat' dir='ltr'><strong>fide</strong></span> <span class='ocrx_word' id='word_1_57' title='bbox 746 784 1021 838; x_wconf 88' lang='lat' dir='ltr'><strong>inquisitioni</strong></span> <span class='ocrx_word' id='word_1_58' title='bbox 1041 798 1263 826; x_wconf 90' lang='lat' dir='ltr'><strong>summum</strong></span> <span class='ocrx_word' id='word_1_59' title='bbox 1283 784 1481 826; x_wconf 91' lang='lat' dir='ltr'><strong>studium</strong></span> <span class='ocrx_word' id='word_1_60' title='bbox 1501 783 1813 838; x_wconf 88' lang='lat' dir='ltr'><strong>adhibuerunt,</strong></span> <span class='ocrx_word' id='word_1_61' title='bbox 1834 793 1970 839; x_wconf 90' lang='lat' dir='ltr'><strong>atque</strong></span> 
     </span>
     <span class='ocr_line' id='line_1_8' title="bbox 159 852 1969 906; baseline -0.002 -9"><span class='ocrx_word' id='word_1_62' title='bbox 159 854 401 897; x_wconf 80' lang='lat' dir='ltr'><strong>sententias</strong></span> <span class='ocrx_word' id='word_1_63' title='bbox 417 854 546 896; x_wconf 88' lang='lat' dir='ltr'><strong>ualde</strong></span> <span class='ocrx_word' id='word_1_64' title='bbox 562 853 780 896; x_wconf 82' lang='lat' dir='ltr'><strong>discordes</strong></span> <span class='ocrx_word' id='word_1_65' title='bbox 795 859 1102 906; x_wconf 89' lang='lat' dir='ltr'><strong>conceperunt.</strong></span> <span class='ocrx_word' id='word_1_66' title='bbox 1146 854 1215 894; x_wconf 91' lang='lat' dir='ltr'><strong>De</strong></span> <span class='ocrx_word' id='word_1_67' title='bbox 1230 852 1425 905; x_wconf 91' lang='lat' dir='ltr'><strong>priorum</strong></span> <span class='ocrx_word' id='word_1_68' title='bbox 1443 852 1703 903; x_wconf 90' lang='lat' dir='ltr'><strong>Michaelisi,</strong></span> <span class='ocrx_word' id='word_1_69' title='bbox 1717 853 1969 904; x_wconf 82' lang='lat' dir='ltr'><strong>Baehrensi,</strong></span> 
     </span>
     <span class='ocr_line' id='line_1_9' title="bbox 159 917 1972 974; baseline -0.001 -11"><span class='ocrx_word' id='word_1_70' title='bbox 159 919 434 974; x_wconf 72' lang='lat' dir='ltr'><strong>aliorumque</strong></span> <span class='ocrx_word' id='word_1_71' title='bbox 451 919 681 962; x_wconf 88' lang='lat' dir='ltr'><strong>sententiis</strong></span> <span class='ocrx_word' id='word_1_72' title='bbox 699 919 808 961; x_wconf 88' lang='lat' dir='ltr'><strong>nihil</strong></span> <span class='ocrx_word' id='word_1_73' title='bbox 825 926 893 961; x_wconf 90' lang='lat' dir='ltr'><strong>est</strong></span> <span class='ocrx_word' id='word_1_74' title='bbox 913 918 1032 972; x_wconf 92' lang='lat' dir='ltr'><strong>quod</strong></span> <span class='ocrx_word' id='word_1_75' title='bbox 1051 918 1210 970; x_wconf 90' lang='lat' dir='ltr'><strong>dicam,</strong></span> <span class='ocrx_word' id='word_1_76' title='bbox 1230 931 1332 960; x_wconf 90' lang='lat' dir='ltr'><strong>cum</strong></span> <span class='ocrx_word' id='word_1_77' title='bbox 1350 931 1501 960; x_wconf 88' lang='lat' dir='ltr'><strong>omnes</strong></span> <span class='ocrx_word' id='word_1_78' title='bbox 1521 917 1653 960; x_wconf 92' lang='lat' dir='ltr'><strong>docta</strong></span> <span class='ocrx_word' id='word_1_79' title='bbox 1671 917 1746 960; x_wconf 90' lang='lat' dir='ltr'><strong>illa</strong></span> <span class='ocrx_word' id='word_1_80' title='bbox 1765 918 1972 961; x_wconf 89' lang='lat' dir='ltr'><strong>Friderici</strong></span> 
     </span>
     <span class='ocr_line' id='line_1_10' title="bbox 161 984 1971 1041; baseline -0.001 -11"><span class='ocrx_word' id='word_1_81' title='bbox 161 986 366 1031; x_wconf 90' lang='lat' dir='ltr'><strong>Scheueri</strong></span> <span class='ocrx_word' id='word_1_82' title='bbox 380 986 682 1041; x_wconf 83' lang='lat' dir='ltr'><strong>disputatione</strong></span> <span class='ocrx_word' id='word_1_83' title='bbox 701 986 902 1040; x_wconf 87' lang='lat' dir='ltr'><strong>explosae</strong></span> <span class='ocrx_word' id='word_1_84' title='bbox 918 985 1020 1028; x_wconf 90' lang='lat' dir='ltr'><strong>sint.</strong></span> <span class='ocrx_word' id='word_1_85' title='bbox 1072 986 1233 1027; x_wconf 84' lang='lat' dir='ltr'><strong>Restat</strong></span> <span class='ocrx_word' id='word_1_86' title='bbox 1251 984 1385 1039; x_wconf 89' lang='lat' dir='ltr'><strong>igitur</strong></span> <span class='ocrx_word' id='word_1_87' title='bbox 1396 991 1448 1027; x_wconf 92' lang='lat' dir='ltr'><strong>ut</strong></span> <span class='ocrx_word' id='word_1_88' title='bbox 1458 991 1698 1027; x_wconf 88' lang='lat' dir='ltr'><strong>stemmata</strong></span> <span class='ocrx_word' id='word_1_89' title='bbox 1712 998 1740 1027; x_wconf 89' lang='lat' dir='ltr'><strong>a</strong></span> <span class='ocrx_word' id='word_1_90' title='bbox 1756 986 1971 1029; x_wconf 92' lang='lat' dir='ltr'><strong>Scheuero</strong></span> 
     </span>
     <span class='ocr_line' id='line_1_11' title="bbox 162 1051 1969 1108; baseline -0.001 -11"><span class='ocrx_word' id='word_1_91' title='bbox 162 1053 542 1108; x_wconf 88' lang='lat' dir='ltr'><strong>Gudemannoque</strong></span> <span class='ocrx_word' id='word_1_92' title='bbox 576 1053 722 1096; x_wconf 88' lang='lat' dir='ltr'><strong>efficta</strong></span> <span class='ocrx_word' id='word_1_93' title='bbox 755 1053 991 1107; x_wconf 89' lang='lat' dir='ltr'><strong>proferam,</strong></span> <span class='ocrx_word' id='word_1_94' title='bbox 1026 1058 1163 1106; x_wconf 85' lang='lat' dir='ltr'><strong>atque</strong></span> <span class='ocrx_word' id='word_1_95' title='bbox 1196 1064 1340 1104; x_wconf 91' lang='lat' dir='ltr'><strong>pauca</strong></span> <span class='ocrx_word' id='word_1_96' title='bbox 1375 1051 1430 1094; x_wconf 90' lang='lat' dir='ltr'><strong>de</strong></span> <span class='ocrx_word' id='word_1_97' title='bbox 1459 1051 1692 1104; x_wconf 91' lang='lat' dir='ltr'><strong>opionione</strong></span> <span class='ocrx_word' id='word_1_98' title='bbox 1720 1064 1747 1094; x_wconf 88' lang='lat' dir='ltr'><strong>a</strong></span> <span class='ocrx_word' id='word_1_99' title='bbox 1772 1053 1842 1094; x_wconf 86' lang='lat' dir='ltr'><strong>Fr.</strong></span> <span class='ocrx_word' id='word_1_100' title='bbox 1870 1053 1969 1096; x_wconf 88' lang='lat' dir='ltr'><strong>Car.</strong></span> 
     </span>
     <span class='ocr_line' id='line_1_12' title="bbox 162 1117 1970 1175; baseline -0.001 -11"><span class='ocrx_word' id='word_1_101' title='bbox 162 1119 332 1165; x_wconf 85' lang='lat' dir='ltr'><strong>wiekio</strong></span> <span class='ocrx_word' id='word_1_102' title='bbox 356 1119 604 1175; x_wconf 83' lang='lat' dir='ltr'><strong>nuperrime</strong></span> <span class='ocrx_word' id='word_1_103' title='bbox 629 1119 857 1174; x_wconf 90' lang='lat' dir='ltr'><strong>proposita</strong></span> <span class='ocrx_word' id='word_1_104' title='bbox 883 1119 1042 1171; x_wconf 90' lang='lat' dir='ltr'><strong>dicam,</strong></span> <span class='ocrx_word' id='word_1_105' title='bbox 1071 1132 1159 1173; x_wconf 94' lang='lat' dir='ltr'><strong>quo</strong></span> <span class='ocrx_word' id='word_1_106' title='bbox 1184 1118 1321 1161; x_wconf 90' lang='lat' dir='ltr'><strong>lector</strong></span> <span class='ocrx_word' id='word_1_107' title='bbox 1347 1117 1517 1160; x_wconf 86' lang='lat' dir='ltr'><strong>facilius</strong></span> <span class='ocrx_word' id='word_1_108' title='bbox 1543 1117 1792 1173; x_wconf 88' lang='lat' dir='ltr'><strong>intellegere</strong></span> <span class='ocrx_word' id='word_1_109' title='bbox 1816 1119 1970 1172; x_wconf 87' lang='lat' dir='ltr'><strong>possit,</strong></span> 
     </span>
     <span class='ocr_line' id='line_1_13' title="bbox 161 1184 1675 1243; baseline -0.003 -12"><span class='ocrx_word' id='word_1_110' title='bbox 161 1188 270 1243; x_wconf 88' lang='lat' dir='ltr'><strong>quid</strong></span> <span class='ocrx_word' id='word_1_111' title='bbox 286 1187 371 1230; x_wconf 88' lang='lat' dir='ltr'><strong>uiri</strong></span> <span class='ocrx_word' id='word_1_112' title='bbox 386 1187 631 1230; x_wconf 90' lang='lat' dir='ltr'><strong>doctissimi</strong></span> <span class='ocrx_word' id='word_1_113' title='bbox 648 1187 702 1230; x_wconf 93' lang='lat' dir='ltr'><strong>de</strong></span> <span class='ocrx_word' id='word_1_114' title='bbox 723 1187 897 1241; x_wconf 78' lang='lat' dir='ltr'><strong>Dialogi</strong></span> <span class='ocrx_word' id='word_1_115' title='bbox 913 1185 1114 1228; x_wconf 89' lang='lat' dir='ltr'><strong>codicum</strong></span> <span class='ocrx_word' id='word_1_116' title='bbox 1131 1199 1246 1228; x_wconf 89' lang='lat' dir='ltr'><strong>nexu</strong></span> <span class='ocrx_word' id='word_1_117' title='bbox 1263 1184 1393 1228; x_wconf 92' lang='lat' dir='ltr'><strong>hodie</strong></span> <span class='ocrx_word' id='word_1_118' title='bbox 1410 1184 1675 1228; x_wconf 88' lang='lat' dir='ltr'><strong>existiment.</strong></span> 
     </span>
    </p>

    <p class='ocr_par' dir='ltr' id='par_1_4' title="bbox 111 1252 1978 3123">
     <span class='ocr_line' id='line_1_14' title="bbox 245 1252 1971 1308; baseline -0.001 -10"><span class='ocrx_word' id='word_1_119' title='bbox 245 1254 508 1308; x_wconf 82' lang='lat' dir='ltr'><strong>Priusquam</strong></span> <span class='ocrx_word' id='word_1_120' title='bbox 525 1254 584 1298; x_wconf 90' lang='lat' dir='ltr'><strong>ad</strong></span> <span class='ocrx_word' id='word_1_121' title='bbox 602 1254 685 1297; x_wconf 90' lang='lat' dir='ltr'><strong>hoc</strong></span> <span class='ocrx_word' id='word_1_122' title='bbox 703 1254 929 1308; x_wconf 86' lang='lat' dir='ltr'><strong>negotium</strong></span> <span class='ocrx_word' id='word_1_123' title='bbox 947 1259 1137 1305; x_wconf 89' lang='lat' dir='ltr'><strong>transeo,</strong></span> <span class='ocrx_word' id='word_1_124' title='bbox 1157 1252 1369 1296; x_wconf 90' lang='lat' dir='ltr'><strong>nonnulla</strong></span> <span class='ocrx_word' id='word_1_125' title='bbox 1387 1253 1441 1295; x_wconf 92' lang='lat' dir='ltr'><strong>de</strong></span> <span class='ocrx_word' id='word_1_126' title='bbox 1459 1252 1608 1295; x_wconf 90' lang='lat' dir='ltr'><strong>codice</strong></span> <span class='ocrx_word' id='word_1_127' title='bbox 1626 1253 1843 1296; x_wconf 89' lang='lat' dir='ltr'><strong>Vaticano</strong></span> <span class='ocrx_word' id='word_1_128' title='bbox 1860 1255 1971 1296; x_wconf 92' lang='lat'>4498</span> 
     </span>
     <span class='ocr_line' id='line_1_15' title="bbox 158 1319 1972 1375; baseline -0.002 -10"><span class='ocrx_word' id='word_1_129' title='bbox 158 1319 224 1375; x_wconf 95' lang='grc' dir='ltr'><strong>(Δ)</strong></span> <span class='ocrx_word' id='word_1_130' title='bbox 248 1321 509 1365; x_wconf 65' lang='lat' dir='ltr'><strong>excutienda</strong></span> <span class='ocrx_word' id='word_1_131' title='bbox 530 1328 648 1364; x_wconf 90' lang='lat' dir='ltr'><strong>sunt.</strong></span> <span class='ocrx_word' id='word_1_132' title='bbox 701 1321 794 1364; x_wconf 90' lang='lat' dir='ltr'><strong>Viri</strong></span> <span class='ocrx_word' id='word_1_133' title='bbox 816 1320 936 1363; x_wconf 91' lang='lat' dir='ltr'><strong>docti</strong></span> <span class='ocrx_word' id='word_1_134' title='bbox 957 1320 1003 1362; x_wconf 91' lang='lat' dir='ltr'><strong>in</strong></span> <span class='ocrx_word' id='word_1_135' title='bbox 1030 1321 1208 1374; x_wconf 86' lang='lat' dir='ltr'><strong>Dialogo</strong></span> <span class='ocrx_word' id='word_1_136' title='bbox 1231 1320 1494 1362; x_wconf 88' lang='lat' dir='ltr'><strong>recensendo</strong></span> <span class='ocrx_word' id='word_1_137' title='bbox 1517 1319 1677 1362; x_wconf 88' lang='lat' dir='ltr'><strong>codicis</strong></span> <span class='ocrx_word' id='word_1_138' title='bbox 1699 1323 1732 1362; x_wconf 95' lang='grc' dir='ltr'>Δ</span> <span class='ocrx_word' id='word_1_139' title='bbox 1755 1319 1972 1363; x_wconf 89' lang='lat' dir='ltr'><strong>rationem</strong></span> 
     </span>
     <span class='ocr_line' id='line_1_16' title="bbox 159 1386 1972 1443; baseline -0.001 -11"><span class='ocrx_word' id='word_1_140' title='bbox 159 1388 250 1432; x_wconf 78' lang='lat' dir='ltr'><strong>fere</strong></span> <span class='ocrx_word' id='word_1_141' title='bbox 279 1401 450 1443; x_wconf 86' lang='lat' dir='ltr'><strong>semper</strong></span> <span class='ocrx_word' id='word_1_142' title='bbox 478 1388 743 1440; x_wconf 87' lang='lat' dir='ltr'><strong>habuerunt,</strong></span> <span class='ocrx_word' id='word_1_143' title='bbox 774 1395 941 1431; x_wconf 89' lang='lat' dir='ltr'><strong>ceteros</strong></span> <span class='ocrx_word' id='word_1_144' title='bbox 971 1400 1095 1430; x_wconf 89' lang='lat' dir='ltr'><strong>meae</strong></span> <span class='ocrx_word' id='word_1_145' title='bbox 1124 1387 1272 1441; x_wconf 88' lang='lat' dir='ltr'><strong>stirpis</strong></span> <span class='ocrx_word' id='word_1_146' title='bbox 1311 1404 1341 1439; x_wconf 78' lang='grc' dir='ltr'><em>γ</em></span> <span class='ocrx_word' id='word_1_147' title='bbox 1371 1386 1541 1429; x_wconf 91' lang='lat' dir='ltr'><strong>codices</strong></span> <span class='ocrx_word' id='word_1_148' title='bbox 1573 1387 1732 1441; x_wconf 91' lang='lat' dir='ltr'><strong>quibus</strong></span> <span class='ocrx_word' id='word_1_149' title='bbox 1765 1388 1972 1442; x_wconf 84' lang='lat' dir='ltr'><strong>Dialogus</strong></span> 
     </span>
     <span class='ocr_line' id='line_1_17' title="bbox 111 1453 1972 1509; baseline -0.001 -9"><span class='ocrx_word' id='word_1_150' title='bbox 111 1453 115 1457; x_wconf 75' lang='grc'><strong>’</strong></span> <span class='ocrx_word' id='word_1_151' title='bbox 161 1456 413 1500; x_wconf 84' lang='lat' dir='ltr'><strong>continetur</strong></span> <span class='ocrx_word' id='word_1_152' title='bbox 428 1463 607 1500; x_wconf 89' lang='lat' dir='ltr'><strong>tantum</strong></span> <span class='ocrx_word' id='word_1_153' title='bbox 622 1469 711 1498; x_wconf 91' lang='lat' dir='ltr'><strong>non</strong></span> <span class='ocrx_word' id='word_1_154' title='bbox 726 1455 900 1498; x_wconf 90' lang='lat' dir='ltr'><strong>silentio</strong></span> <span class='ocrx_word' id='word_1_155' title='bbox 914 1455 1316 1509; x_wconf 90' lang='lat' dir='ltr'><strong>praetermiserunt.</strong></span> <span class='ocrx_word' id='word_1_156' title='bbox 1363 1455 1479 1508; x_wconf 92' lang='lat' dir='ltr'><strong>Ergo</strong></span> <span class='ocrx_word' id='word_1_157' title='bbox 1495 1455 1720 1508; x_wconf 88' lang='lat' dir='ltr'><strong>quaeritur</strong></span> <span class='ocrx_word' id='word_1_158' title='bbox 1736 1468 1824 1509; x_wconf 92' lang='lat' dir='ltr'><strong>quo</strong></span> <span class='ocrx_word' id='word_1_159' title='bbox 1839 1461 1972 1509; x_wconf 89' lang='lat' dir='ltr'><strong>pacto</strong></span> 
     </span>
     <span class='ocr_line' id='line_1_18' title="bbox 164 1521 1969 1578; baseline -0.002 -11"><span class='ocrx_word' id='word_1_160' title='bbox 164 1524 338 1578; x_wconf 73' lang='lat' dir='ltr'><strong>Dialogi</strong></span> <span class='ocrx_word' id='word_1_161' title='bbox 362 1523 551 1566; x_wconf 85' lang='lat' dir='ltr'><strong>editores</strong></span> <span class='ocrx_word' id='word_1_162' title='bbox 577 1523 679 1565; x_wconf 91' lang='lat' dir='ltr'><strong>huic</strong></span> <span class='ocrx_word' id='word_1_163' title='bbox 705 1523 1033 1576; x_wconf 89' lang='lat' dir='ltr'><strong>corruptissimo</strong></span> <span class='ocrx_word' id='word_1_164' title='bbox 1050 1522 1190 1565; x_wconf 92' lang='lat' dir='ltr'><strong>codici</strong></span> <span class='ocrx_word' id='word_1_165' title='bbox 1207 1528 1385 1564; x_wconf 89' lang='lat' dir='ltr'><strong>tantum</strong></span> <span class='ocrx_word' id='word_1_166' title='bbox 1402 1521 1551 1576; x_wconf 90' lang='lat' dir='ltr'><strong>negoti</strong></span> <span class='ocrx_word' id='word_1_167' title='bbox 1571 1521 1785 1574; x_wconf 88' lang='lat' dir='ltr'><strong>dederint,</strong></span> <span class='ocrx_word' id='word_1_168' title='bbox 1803 1529 1969 1565; x_wconf 89' lang='lat' dir='ltr'><strong>ceteros</strong></span> 
     </span>
     <span class='ocr_line' id='line_1_19' title="bbox 161 1586 1973 1644; baseline -0.002 -10"><span class='ocrx_word' id='word_1_169' title='bbox 161 1597 314 1635; x_wconf 72' lang='lat' dir='ltr'><strong>autem</strong></span> <span class='ocrx_word' id='word_1_170' title='bbox 334 1590 464 1633; x_wconf 91' lang='lat' dir='ltr'><strong>huius</strong></span> <span class='ocrx_word' id='word_1_171' title='bbox 485 1590 633 1644; x_wconf 86' lang='lat' dir='ltr'><strong>stirpis</strong></span> <span class='ocrx_word' id='word_1_172' title='bbox 655 1590 726 1633; x_wconf 92' lang='lat' dir='ltr'><strong>uel</strong></span> <span class='ocrx_word' id='word_1_173' title='bbox 747 1587 873 1644; x_wconf 85' lang='lat' dir='ltr'><strong>long&#39;e</strong></span> <span class='ocrx_word' id='word_1_174' title='bbox 894 1589 1236 1643; x_wconf 86' lang='lat' dir='ltr'><strong>praestantiores</strong></span> <span class='ocrx_word' id='word_1_175' title='bbox 1259 1596 1310 1632; x_wconf 89' lang='lat' dir='ltr'><strong>ut</strong></span> <span class='ocrx_word' id='word_1_176' title='bbox 1334 1586 1384 1630; x_wconf 95' lang='lat' dir='ltr'><strong>M</strong></span> <span class='ocrx_word' id='word_1_177' title='bbox 1409 1596 1454 1632; x_wconf 89' lang='lat' dir='ltr'><strong>et</strong></span> <span class='ocrx_word' id='word_1_178' title='bbox 1482 1586 1536 1641; x_wconf 90' lang='lat' dir='ltr'><strong>K,</strong></span> <span class='ocrx_word' id='word_1_179' title='bbox 1558 1589 1628 1631; x_wconf 91' lang='lat' dir='ltr'><strong>uel</strong></span> <span class='ocrx_word' id='word_1_180' title='bbox 1653 1589 1882 1643; x_wconf 87' lang='lat' dir='ltr'><strong>aliquanto</strong></span> <span class='ocrx_word' id='word_1_181' title='bbox 1908 1589 1973 1631; x_wconf 86' lang='lat' dir='ltr'><strong>in·</strong></span> 
     </span>
     <span class='ocr_line' id='line_1_20' title="bbox 161 1654 1972 1713; baseline -0.002 -11"><span class='ocrx_word' id='word_1_182' title='bbox 161 1657 369 1713; x_wconf 84' lang='lat' dir='ltr'><strong>tegriores</strong></span> <span class='ocrx_word' id='word_1_183' title='bbox 389 1665 442 1701; x_wconf 90' lang='lat' dir='ltr'><strong>ut</strong></span> <span class='ocrx_word' id='word_1_184' title='bbox 463 1654 507 1699; x_wconf 92' lang='lat' dir='ltr'>H</span> <span class='ocrx_word' id='word_1_185' title='bbox 522 1664 568 1701; x_wconf 89' lang='lat' dir='ltr'><strong>et</strong></span> <span class='ocrx_word' id='word_1_186' title='bbox 582 1656 617 1700; x_wconf 89' lang='lat' dir='ltr'><strong>P</strong></span> <span class='ocrx_word' id='word_1_187' title='bbox 632 1671 712 1700; x_wconf 88' lang='lat' dir='ltr'><strong>sua</strong></span> <span class='ocrx_word' id='word_1_188' title='bbox 731 1657 1014 1710; x_wconf 89' lang='lat' dir='ltr'><strong>inquisitione</strong></span> <span class='ocrx_word' id='word_1_189' title='bbox 1034 1656 1235 1710; x_wconf 90' lang='lat' dir='ltr'><strong>indignos</strong></span> <span class='ocrx_word' id='word_1_190' title='bbox 1256 1656 1504 1698; x_wconf 89' lang='lat' dir='ltr'><strong>habuerint.</strong></span> <span class='ocrx_word' id='word_1_191' title='bbox 1556 1656 1684 1709; x_wconf 87' lang='lat' dir='ltr'><strong>Quod</strong></span> <span class='ocrx_word' id='word_1_192' title='bbox 1706 1670 1785 1711; x_wconf 87' lang='lat' dir='ltr'><strong>ego</strong></span> <span class='ocrx_word' id='word_1_193' title='bbox 1805 1656 1972 1699; x_wconf 89' lang='lat' dir='ltr'><strong>intelle-</strong></span> 
     </span>
     <span class='ocr_line' id='line_1_21' title="bbox 161 1723 1973 1781; baseline -0.001 -13"><span class='ocrx_word' id='word_1_194' title='bbox 161 1739 261 1781; x_wconf 80' lang='lat' dir='ltr'><strong>gere</strong></span> <span class='ocrx_word' id='word_1_195' title='bbox 280 1738 458 1779; x_wconf 91' lang='lat' dir='ltr'><strong>prorsus</strong></span> <span class='ocrx_word' id='word_1_196' title='bbox 478 1739 663 1779; x_wconf 88' lang='lat' dir='ltr'><strong>nequeo,</strong></span> <span class='ocrx_word' id='word_1_197' title='bbox 695 1724 732 1766; x_wconf 90' lang='lat' dir='ltr'><strong>si</strong></span> <span class='ocrx_word' id='word_1_198' title='bbox 765 1725 972 1778; x_wconf 84' lang='lat' dir='ltr'><strong>Dialogus</strong></span> <span class='ocrx_word' id='word_1_199' title='bbox 1002 1737 1030 1766; x_wconf 89' lang='lat' dir='ltr'><strong>a</strong></span> <span class='ocrx_word' id='word_1_200' title='bbox 1051 1724 1211 1766; x_wconf 89' lang='lat' dir='ltr'><strong>codicis</strong></span> <span class='ocrx_word' id='word_1_201' title='bbox 1231 1727 1264 1765; x_wconf 96' lang='grc' dir='ltr'>Δ</span> <span class='ocrx_word' id='word_1_202' title='bbox 1285 1723 1462 1766; x_wconf 90' lang='lat' dir='ltr'><strong>librario</strong></span> <span class='ocrx_word' id='word_1_203' title='bbox 1484 1737 1535 1765; x_wconf 90' lang='lat' dir='ltr'><strong>ex</strong></span> <span class='ocrx_word' id='word_1_204' title='bbox 1557 1724 1711 1766; x_wconf 91' lang='lat' dir='ltr'><strong>eodem</strong></span> <span class='ocrx_word' id='word_1_205' title='bbox 1732 1724 1973 1778; x_wconf 89' lang='lat' dir='ltr'><strong>archetypo</strong></span> 
     </span>
     <span class='ocr_line' id='line_1_22' title="bbox 162 1791 1973 1847; baseline -0.002 -11"><span class='ocrx_word' id='word_1_206' title='bbox 162 1792 454 1847; x_wconf 80' lang='lat' dir='ltr'><strong>transcriptus</strong></span> <span class='ocrx_word' id='word_1_207' title='bbox 469 1798 536 1835; x_wconf 89' lang='lat' dir='ltr'><strong>est</strong></span> <span class='ocrx_word' id='word_1_208' title='bbox 551 1807 574 1835; x_wconf 95' lang='lat' dir='ltr'><strong>e</strong></span> <span class='ocrx_word' id='word_1_209' title='bbox 591 1806 679 1846; x_wconf 94' lang='lat' dir='ltr'><strong>quo</strong></span> <span class='ocrx_word' id='word_1_210' title='bbox 696 1791 877 1835; x_wconf 91' lang='lat' dir='ltr'><strong>Suetoni</strong></span> <span class='ocrx_word' id='word_1_211' title='bbox 891 1791 1202 1845; x_wconf 83' lang='lat' dir='ltr'><strong>fragmentum.</strong></span> <span class='ocrx_word' id='word_1_212' title='bbox 1267 1791 1351 1834; x_wconf 91' lang='lat' dir='ltr'><strong>Sed</strong></span> <span class='ocrx_word' id='word_1_213' title='bbox 1365 1791 1592 1832; x_wconf 89' lang='lat' dir='ltr'><strong>librarium</strong></span> <span class='ocrx_word' id='word_1_214' title='bbox 1605 1794 1639 1832; x_wconf 95' lang='grc' dir='ltr'>Δ</span> <span class='ocrx_word' id='word_1_215' title='bbox 1657 1791 1838 1833; x_wconf 91' lang='lat' dir='ltr'><strong>Suetoni</strong></span> <span class='ocrx_word' id='word_1_216' title='bbox 1851 1791 1973 1833; x_wconf 89' lang='lat' dir='ltr'><strong>libel-</strong></span> 
     </span>
     <span class='ocr_line' id='line_1_23' title="bbox 161 1858 1974 1913; baseline -0.002 -10"><span class='ocrx_word' id='word_1_217' title='bbox 161 1859 255 1902; x_wconf 91' lang='lat' dir='ltr'><strong>lum</strong></span> <span class='ocrx_word' id='word_1_218' title='bbox 279 1873 333 1903; x_wconf 84' lang='lat' dir='ltr'><strong>ex</strong></span> <span class='ocrx_word' id='word_1_219' title='bbox 357 1872 447 1902; x_wconf 91' lang='lat' dir='ltr'><strong>uno</strong></span> <span class='ocrx_word' id='word_1_220' title='bbox 471 1859 714 1913; x_wconf 89' lang='lat' dir='ltr'><strong>archetypo</strong></span> <span class='ocrx_word' id='word_1_221' title='bbox 740 1858 1082 1912; x_wconf 89' lang='lat' dir='ltr'><strong>corruptissimo,</strong></span> <span class='ocrx_word' id='word_1_222' title='bbox 1113 1859 1341 1912; x_wconf 84' lang='lat' dir='ltr'><strong>Dialogum</strong></span> <span class='ocrx_word' id='word_1_223' title='bbox 1366 1864 1518 1900; x_wconf 89' lang='lat' dir='ltr'><strong>autem</strong></span> <span class='ocrx_word' id='word_1_224' title='bbox 1544 1872 1595 1900; x_wconf 90' lang='lat' dir='ltr'><strong>ex</strong></span> <span class='ocrx_word' id='word_1_225' title='bbox 1620 1858 1708 1900; x_wconf 92' lang='lat' dir='ltr'><strong>alio</strong></span> <span class='ocrx_word' id='word_1_226' title='bbox 1732 1858 1974 1912; x_wconf 90' lang='lat' dir='ltr'><strong>archetypo</strong></span> 
     </span>
     <span class='ocr_line' id='line_1_24' title="bbox 162 1925 1972 1981; baseline -0.001 -11"><span class='ocrx_word' id='word_1_227' title='bbox 162 1926 343 1971; x_wconf 86' lang='lat' dir='ltr'><strong>omnino</strong></span> <span class='ocrx_word' id='word_1_228' title='bbox 362 1927 505 1970; x_wconf 86' lang='lat' dir='ltr'><strong>alieno</strong></span> <span class='ocrx_word' id='word_1_229' title='bbox 526 1933 571 1969; x_wconf 91' lang='lat' dir='ltr'><strong>et</strong></span> <span class='ocrx_word' id='word_1_230' title='bbox 590 1927 718 1981; x_wconf 91' lang='lat' dir='ltr'><strong>longe</strong></span> <span class='ocrx_word' id='word_1_231' title='bbox 737 1926 1058 1980; x_wconf 88' lang='lat' dir='ltr'><strong>praestantiore</strong></span> <span class='ocrx_word' id='word_1_232' title='bbox 1079 1925 1414 1979; x_wconf 89' lang='lat' dir='ltr'><strong>transcripsisse,</strong></span> <span class='ocrx_word' id='word_1_233' title='bbox 1436 1925 1520 1967; x_wconf 91' lang='lat' dir='ltr'><strong>nisi</strong></span> <span class='ocrx_word' id='word_1_234' title='bbox 1539 1925 1687 1967; x_wconf 92' lang='lat' dir='ltr'><strong>omnia</strong></span> <span class='ocrx_word' id='word_1_235' title='bbox 1708 1939 1778 1967; x_wconf 91' lang='lat' dir='ltr'><strong>me</strong></span> <span class='ocrx_word' id='word_1_236' title='bbox 1797 1925 1972 1976; x_wconf 81' lang='lat' dir='ltr'><strong>fallunt,</strong></span> 
     </span>
     <span class='ocr_line' id='line_1_25' title="bbox 162 1992 1974 2048; baseline -0.002 -11"><span class='ocrx_word' id='word_1_237' title='bbox 162 1993 290 2038; x_wconf 82' lang='lat' dir='ltr'><strong>facile</strong></span> <span class='ocrx_word' id='word_1_238' title='bbox 308 1993 392 2038; x_wconf 91' lang='lat' dir='ltr'><strong>tibi</strong></span> <span class='ocrx_word' id='word_1_239' title='bbox 407 1994 704 2048; x_wconf 85' lang='lat' dir='ltr'><strong>persuadebis.</strong></span> <span class='ocrx_word' id='word_1_240' title='bbox 754 1995 848 2047; x_wconf 89' lang='lat' dir='ltr'><strong>Ego</strong></span> <span class='ocrx_word' id='word_1_241' title='bbox 868 1993 1059 2047; x_wconf 90' lang='lat' dir='ltr'><strong>quidem,</strong></span> <span class='ocrx_word' id='word_1_242' title='bbox 1080 2006 1180 2035; x_wconf 92' lang='lat' dir='ltr'><strong>cum</strong></span> <span class='ocrx_word' id='word_1_243' title='bbox 1199 2005 1250 2035; x_wconf 89' lang='lat' dir='ltr'><strong>ea</strong></span> <span class='ocrx_word' id='word_1_244' title='bbox 1272 1992 1357 2047; x_wconf 91' lang='lat' dir='ltr'><strong>legi</strong></span> <span class='ocrx_word' id='word_1_245' title='bbox 1379 2005 1492 2046; x_wconf 90' lang='lat' dir='ltr'><strong>quae</strong></span> <span class='ocrx_word' id='word_1_246' title='bbox 1514 1993 1687 2046; x_wconf 82' lang='lat' dir='ltr'><strong>Dialogi</strong></span> <span class='ocrx_word' id='word_1_247' title='bbox 1709 1993 1897 2035; x_wconf 90' lang='lat' dir='ltr'><strong>editores</strong></span> <span class='ocrx_word' id='word_1_248' title='bbox 1920 1992 1974 2035; x_wconf 92' lang='lat' dir='ltr'><strong>de</strong></span> 
     </span>
     <span class='ocr_line' id='line_1_26' title="bbox 162 2059 1974 2115; baseline -0.001 -11"><span class='ocrx_word' id='word_1_249' title='bbox 162 2061 313 2105; x_wconf 88' lang='lat' dir='ltr'><strong>codice</strong></span> <span class='ocrx_word' id='word_1_250' title='bbox 333 2061 664 2115; x_wconf 87' lang='lat' dir='ltr'><strong>Ascripserunt,</strong></span> <span class='ocrx_word' id='word_1_251' title='bbox 680 2061 868 2103; x_wconf 92' lang='lat' dir='ltr'><strong>eundem</strong></span> <span class='ocrx_word' id='word_1_252' title='bbox 891 2061 1053 2102; x_wconf 90' lang='lat' dir='ltr'><strong>librum</strong></span> <span class='ocrx_word' id='word_1_253' title='bbox 1077 2073 1208 2114; x_wconf 90' lang='lat' dir='ltr'><strong>quem</strong></span> <span class='ocrx_word' id='word_1_254' title='bbox 1231 2059 1277 2101; x_wconf 90' lang='lat' dir='ltr'><strong>in</strong></span> <span class='ocrx_word' id='word_1_255' title='bbox 1301 2059 1509 2103; x_wconf 90' lang='lat' dir='ltr'><strong>Suetonio</strong></span> <span class='ocrx_word' id='word_1_256' title='bbox 1533 2067 1637 2102; x_wconf 90' lang='lat' dir='ltr'><strong>ante</strong></span> <span class='ocrx_word' id='word_1_257' title='bbox 1661 2060 1808 2102; x_wconf 91' lang='lat' dir='ltr'><strong>oculos</strong></span> <span class='ocrx_word' id='word_1_258' title='bbox 1831 2059 1974 2102; x_wconf 90' lang='lat' dir='ltr'><strong>habeo</strong></span> 
     </span>
     <span class='ocr_line' id='line_1_27' title="bbox 162 2124 1974 2184; baseline -0.002 -12"><span class='ocrx_word' id='word_1_259' title='bbox 162 2141 397 2184; x_wconf 77' lang='lat' dir='ltr'><strong>agnoscere</strong></span> <span class='ocrx_word' id='word_1_260' title='bbox 414 2128 594 2171; x_wconf 91' lang='lat' dir='ltr'><strong>omnino</strong></span> <span class='ocrx_word' id='word_1_261' title='bbox 612 2142 794 2182; x_wconf 88' lang='lat' dir='ltr'><strong>nequeo.</strong></span> <span class='ocrx_word' id='word_1_262' title='bbox 844 2130 880 2169; x_wconf 95' lang='lat' dir='ltr'>E</span> <span class='ocrx_word' id='word_1_263' title='bbox 901 2128 1062 2170; x_wconf 90' lang='lat' dir='ltr'><strong>tabulis</strong></span> <span class='ocrx_word' id='word_1_264' title='bbox 1081 2140 1108 2169; x_wconf 91' lang='lat' dir='ltr'><strong>a</strong></span> <span class='ocrx_word' id='word_1_265' title='bbox 1127 2127 1341 2170; x_wconf 91' lang='lat' dir='ltr'><strong>Scheuero</strong></span> <span class='ocrx_word' id='word_1_266' title='bbox 1357 2125 1418 2180; x_wconf 91' lang='lat' dir='ltr'><strong>(p.</strong></span> <span class='ocrx_word' id='word_1_267' title='bbox 1442 2128 1492 2169; x_wconf 94' lang='lat'><strong>19</strong></span> <span class='ocrx_word' id='word_1_268' title='bbox 1510 2124 1590 2181; x_wconf 90' lang='lat' dir='ltr'><strong>sq.)</strong></span> <span class='ocrx_word' id='word_1_269' title='bbox 1611 2127 1815 2170; x_wconf 90' lang='lat' dir='ltr'><strong>exhibitis</strong></span> <span class='ocrx_word' id='word_1_270' title='bbox 1831 2127 1974 2180; x_wconf 91' lang='lat' dir='ltr'><strong>primo</strong></span> 
     </span>
     <span class='ocr_line' id='line_1_28' title="bbox 163 2193 1976 2250; baseline -0.001 -12"><span class='ocrx_word' id='word_1_271' title='bbox 163 2196 328 2239; x_wconf 90' lang='lat' dir='ltr'><strong>obtutu</strong></span> <span class='ocrx_word' id='word_1_272' title='bbox 346 2202 533 2250; x_wconf 88' lang='lat' dir='ltr'><strong>apparet</strong></span> <span class='ocrx_word' id='word_1_273' title='bbox 555 2196 729 2250; x_wconf 83' lang='lat' dir='ltr'><strong>Dialogi</strong></span> <span class='ocrx_word' id='word_1_274' title='bbox 748 2194 943 2238; x_wconf 89' lang='lat' dir='ltr'><strong>codicem</strong></span> <span class='ocrx_word' id='word_1_275' title='bbox 960 2198 994 2236; x_wconf 95' lang='lat' dir='ltr'><strong>A</strong></span> <span class='ocrx_word' id='word_1_276' title='bbox 1015 2193 1376 2248; x_wconf 89' lang='lat' dir='ltr'><strong>cognatissimum</strong></span> <span class='ocrx_word' id='word_1_277' title='bbox 1396 2207 1488 2236; x_wconf 89' lang='lat' dir='ltr'><strong>esse</strong></span> <span class='ocrx_word' id='word_1_278' title='bbox 1508 2207 1609 2236; x_wconf 90' lang='lat' dir='ltr'><strong>cum</strong></span> <span class='ocrx_word' id='word_1_279' title='bbox 1628 2194 1748 2236; x_wconf 89' lang='lat' dir='ltr'><strong>libris</strong></span> <span class='ocrx_word' id='word_1_280' title='bbox 1770 2194 1976 2248; x_wconf 89' lang='lat' dir='ltr'><strong>Neapoli-</strong></span> 
     </span>
     <span class='ocr_line' id='line_1_29' title="bbox 165 2261 1974 2312; baseline -0.002 -6"><span class='ocrx_word' id='word_1_281' title='bbox 165 2269 273 2306; x_wconf 81' lang='lat' dir='ltr'><strong>tano</strong></span> <span class='ocrx_word' id='word_1_282' title='bbox 287 2269 334 2306; x_wconf 88' lang='lat' dir='ltr'><strong>et</strong></span> <span class='ocrx_word' id='word_1_283' title='bbox 348 2263 566 2306; x_wconf 87' lang='lat' dir='ltr'><strong>Vaticano</strong></span> <span class='ocrx_word' id='word_1_284' title='bbox 585 2263 705 2305; x_wconf 86' lang='lat'><strong>1518.</strong></span> <span class='ocrx_word' id='word_1_285' title='bbox 751 2264 805 2304; x_wconf 92' lang='lat' dir='ltr'><strong>In</strong></span> <span class='ocrx_word' id='word_1_286' title='bbox 823 2262 1031 2306; x_wconf 91' lang='lat' dir='ltr'><strong>Suetonio</strong></span> <span class='ocrx_word' id='word_1_287' title='bbox 1047 2269 1198 2304; x_wconf 90' lang='lat' dir='ltr'><strong>autem</strong></span> <span class='ocrx_word' id='word_1_288' title='bbox 1214 2261 1334 2303; x_wconf 92' lang='lat' dir='ltr'><strong>nulla</strong></span> <span class='ocrx_word' id='word_1_289' title='bbox 1349 2261 1625 2304; x_wconf 90' lang='lat' dir='ltr'><strong>necessitudo</strong></span> <span class='ocrx_word' id='word_1_290' title='bbox 1640 2275 1742 2303; x_wconf 89' lang='lat' dir='ltr'><strong>cum</strong></span> <span class='ocrx_word' id='word_1_291' title='bbox 1757 2261 1824 2304; x_wconf 91' lang='lat' dir='ltr'><strong>his</strong></span> <span class='ocrx_word' id='word_1_292' title='bbox 1838 2261 1974 2312; x_wconf 90' lang='lat' dir='ltr'><strong>libris,</strong></span> 
     </span>
     <span class='ocr_line' id='line_1_30' title="bbox 163 2324 1973 2385; baseline -0.002 -12"><span class='ocrx_word' id='word_1_293' title='bbox 163 2337 340 2385; x_wconf 85' lang='lat' dir='ltr'><strong>praeter</strong></span> <span class='ocrx_word' id='word_1_294' title='bbox 362 2343 461 2373; x_wconf 88' lang='lat' dir='ltr'><strong>eam</strong></span> <span class='ocrx_word' id='word_1_295' title='bbox 483 2330 716 2372; x_wconf 82' lang='lat' dir='ltr'><strong>fortuitam</strong></span> <span class='ocrx_word' id='word_1_296' title='bbox 740 2330 1110 2383; x_wconf 86' lang='lat' dir='ltr'><strong>conspirationem</strong></span> <span class='ocrx_word' id='word_1_297' title='bbox 1133 2329 1247 2371; x_wconf 87' lang='lat' dir='ltr'><strong>inter</strong></span> <span class='ocrx_word' id='word_1_298' title='bbox 1270 2329 1428 2382; x_wconf 88' lang='lat' dir='ltr'><strong>stirpes</strong></span> <span class='ocrx_word' id='word_1_299' title='bbox 1454 2347 1479 2371; x_wconf 85' lang='grc' dir='ltr'><em>α</em></span> <span class='ocrx_word' id='word_1_300' title='bbox 1503 2335 1548 2372; x_wconf 88' lang='lat' dir='ltr'><strong>et</strong></span> <span class='ocrx_word' id='word_1_301' title='bbox 1571 2346 1615 2380; x_wconf 76' lang='grc' dir='ltr'><strong>γ,</strong></span> <span class='ocrx_word' id='word_1_302' title='bbox 1641 2329 1695 2371; x_wconf 91' lang='lat' dir='ltr'><strong>de</strong></span> <span class='ocrx_word' id='word_1_303' title='bbox 1719 2341 1808 2382; x_wconf 89' lang='lat' dir='ltr'><strong>qua</strong></span> <span class='ocrx_word' id='word_1_304' title='bbox 1841 2324 1973 2371; x_wconf 89' lang='lat' dir='ltr'><strong>modo</strong></span> 
     </span>
     <span class='ocr_line' id='line_1_31' title="bbox 163 2395 1976 2452; baseline -0.002 -12"><span class='ocrx_word' id='word_1_305' title='bbox 163 2395 226 2452; x_wconf 90' lang='lat' dir='ltr'><strong>(p.</strong></span> <span class='ocrx_word' id='word_1_306' title='bbox 263 2399 340 2440; x_wconf 88' lang='grc'><strong>182</strong></span> <span class='ocrx_word' id='word_1_307' title='bbox 373 2395 454 2452; x_wconf 85' lang='lat' dir='ltr'><strong>sq.)</strong></span> <span class='ocrx_word' id='word_1_308' title='bbox 479 2396 614 2440; x_wconf 89' lang='lat' dir='ltr'><strong>uerba</strong></span> <span class='ocrx_word' id='word_1_309' title='bbox 636 2397 733 2449; x_wconf 86' lang='lat' dir='ltr'><strong>feci,</strong></span> <span class='ocrx_word' id='word_1_310' title='bbox 757 2397 796 2439; x_wconf 91' lang='lat' dir='ltr'><strong>ei</strong></span> <span class='ocrx_word' id='word_1_311' title='bbox 817 2396 1063 2439; x_wconf 89' lang='lat' dir='ltr'><strong>intercedit.</strong></span> <span class='ocrx_word' id='word_1_312' title='bbox 1116 2395 1288 2438; x_wconf 91' lang='lat' dir='ltr'><strong>Deinde</strong></span> <span class='ocrx_word' id='word_1_313' title='bbox 1310 2403 1423 2438; x_wconf 87' lang='lat' dir='ltr'><strong>teste</strong></span> <span class='ocrx_word' id='word_1_314' title='bbox 1446 2395 1764 2438; x_wconf 81' lang='lat' dir='ltr'><strong>Baehrensio³⁶⁷</strong></span> <span class='ocrx_word' id='word_1_315' title='bbox 1785 2396 1921 2438; x_wconf 88' lang='lat' dir='ltr'><strong>codex</strong></span> <span class='ocrx_word' id='word_1_316' title='bbox 1942 2399 1976 2437; x_wconf 96' lang='lat' dir='ltr'><strong>A</strong></span> 
     </span>
     <span class='ocr_line' id='line_1_32' title="bbox 165 2462 1976 2518; baseline -0.001 -11"><span class='ocrx_word' id='word_1_317' title='bbox 165 2477 411 2518; x_wconf 83' lang='lat' dir='ltr'><strong>numquam</strong></span> <span class='ocrx_word' id='word_1_318' title='bbox 435 2478 459 2507; x_wconf 93' lang='lat' dir='ltr'><strong>e</strong></span> <span class='ocrx_word' id='word_1_319' title='bbox 482 2465 631 2507; x_wconf 88' lang='lat' dir='ltr'><strong>studio</strong></span> <span class='ocrx_word' id='word_1_320' title='bbox 656 2464 919 2507; x_wconf 87' lang='lat' dir='ltr'><strong>emendandi</strong></span> <span class='ocrx_word' id='word_1_321' title='bbox 943 2471 1010 2506; x_wconf 90' lang='lat' dir='ltr'><strong>est</strong></span> <span class='ocrx_word' id='word_1_322' title='bbox 1034 2463 1296 2506; x_wconf 89' lang='lat' dir='ltr'><strong>immutatus</strong></span> <span class='ocrx_word' id='word_1_323' title='bbox 1304 2477 1314 2515; x_wconf 92' lang='grc'><strong>;</strong></span> <span class='ocrx_word' id='word_1_324' title='bbox 1339 2463 1417 2505; x_wconf 89' lang='lat' dir='ltr'><strong>sed</strong></span> <span class='ocrx_word' id='word_1_325' title='bbox 1440 2462 1486 2505; x_wconf 93' lang='lat' dir='ltr'><strong>in</strong></span> <span class='ocrx_word' id='word_1_326' title='bbox 1513 2462 1721 2506; x_wconf 89' lang='lat' dir='ltr'><strong>Suetonio</strong></span> <span class='ocrx_word' id='word_1_327' title='bbox 1746 2463 1816 2505; x_wconf 90' lang='lat' dir='ltr'><strong>hic</strong></span> <span class='ocrx_word' id='word_1_328' title='bbox 1840 2462 1976 2505; x_wconf 88' lang='lat' dir='ltr'><strong>codex</strong></span> 
     </span>
     <span class='ocr_line' id='line_1_33' title="bbox 165 2530 1976 2586; baseline -0.001 -12"><span class='ocrx_word' id='word_1_329' title='bbox 165 2531 429 2586; x_wconf 86' lang='lat' dir='ltr'><strong>turpissimis</strong></span> <span class='ocrx_word' id='word_1_330' title='bbox 448 2531 861 2585; x_wconf 88' lang='lat' dir='ltr'><strong>interpolationibus</strong></span> <span class='ocrx_word' id='word_1_331' title='bbox 881 2538 948 2574; x_wconf 87' lang='lat' dir='ltr'><strong>est</strong></span> <span class='ocrx_word' id='word_1_332' title='bbox 967 2531 1185 2573; x_wconf 84' lang='lat' dir='ltr'><strong>foedatus.</strong></span> <span class='ocrx_word' id='word_1_333' title='bbox 1236 2530 1453 2584; x_wconf 89' lang='lat' dir='ltr'><strong>Denique,</strong></span> <span class='ocrx_word' id='word_1_334' title='bbox 1474 2530 1511 2572; x_wconf 88' lang='lat' dir='ltr'><strong>si</strong></span> <span class='ocrx_word' id='word_1_335' title='bbox 1533 2530 1824 2573; x_wconf 91' lang='lat' dir='ltr'><strong>Gudemanno</strong></span> <span class='ocrx_word' id='word_1_336' title='bbox 1844 2530 1976 2573; x_wconf 90' lang='lat' dir='ltr'><strong>fidem</strong></span> 
     </span>
     <span class='ocr_line' id='line_1_34' title="bbox 165 2597 1976 2653; baseline -0.002 -11"><span class='ocrx_word' id='word_1_337' title='bbox 165 2597 431 2642; x_wconf 77' lang='lat' dir='ltr'><strong>habemus⁸⁶⁸</strong></span> <span class='ocrx_word' id='word_1_338' title='bbox 447 2599 582 2641; x_wconf 90' lang='lat' dir='ltr'><strong>codex</strong></span> <span class='ocrx_word' id='word_1_339' title='bbox 596 2602 630 2640; x_wconf 94' lang='lat' dir='ltr'><strong>A</strong></span> <span class='ocrx_word' id='word_1_340' title='bbox 646 2610 888 2653; x_wconf 89' lang='lat' dir='ltr'><strong>perpaucas</strong></span> <span class='ocrx_word' id='word_1_341' title='bbox 903 2598 1111 2640; x_wconf 89' lang='lat' dir='ltr'><strong>lectiones</strong></span> <span class='ocrx_word' id='word_1_342' title='bbox 1127 2597 1380 2651; x_wconf 89' lang='lat' dir='ltr'><strong>peculiares,</strong></span> <span class='ocrx_word' id='word_1_343' title='bbox 1399 2610 1512 2651; x_wconf 88' lang='lat' dir='ltr'><strong>quae</strong></span> <span class='ocrx_word' id='word_1_344' title='bbox 1528 2597 1647 2639; x_wconf 92' lang='lat' dir='ltr'><strong>nullo</strong></span> <span class='ocrx_word' id='word_1_345' title='bbox 1664 2597 1710 2639; x_wconf 91' lang='lat' dir='ltr'><strong>in</strong></span> <span class='ocrx_word' id='word_1_346' title='bbox 1726 2597 1812 2640; x_wconf 93' lang='lat' dir='ltr'><strong>alio</strong></span> <span class='ocrx_word' id='word_1_347' title='bbox 1829 2597 1976 2640; x_wconf 88' lang='lat' dir='ltr'><strong>codice</strong></span> 
     </span>
     <span class='ocr_line' id='line_1_35' title="bbox 165 2663 1976 2720; baseline -0.001 -12"><span class='ocrx_word' id='word_1_348' title='bbox 165 2665 462 2718; x_wconf 88' lang='lat' dir='ltr'><strong>inueniantur,</strong></span> <span class='ocrx_word' id='word_1_349' title='bbox 494 2666 647 2718; x_wconf 91' lang='lat' dir='ltr'><strong>habet;</strong></span> <span class='ocrx_word' id='word_1_350' title='bbox 678 2665 724 2708; x_wconf 93' lang='lat' dir='ltr'><strong>in</strong></span> <span class='ocrx_word' id='word_1_351' title='bbox 755 2665 964 2708; x_wconf 91' lang='lat' dir='ltr'><strong>Suetonio</strong></span> <span class='ocrx_word' id='word_1_352' title='bbox 994 2679 1017 2707; x_wconf 93' lang='lat' dir='ltr'><strong>e</strong></span> <span class='ocrx_word' id='word_1_353' title='bbox 1047 2665 1268 2720; x_wconf 87' lang='lat' dir='ltr'><strong>contrario</strong></span> <span class='ocrx_word' id='word_1_354' title='bbox 1298 2664 1461 2707; x_wconf 88' lang='lat' dir='ltr'><strong>multas</strong></span> <span class='ocrx_word' id='word_1_355' title='bbox 1490 2664 1698 2707; x_wconf 91' lang='lat' dir='ltr'><strong>lectiones</strong></span> <span class='ocrx_word' id='word_1_356' title='bbox 1727 2663 1976 2718; x_wconf 88' lang='lat' dir='ltr'><strong>(praecipue</strong></span> 
     </span>
     <span class='ocr_line' id='line_1_36' title="bbox 166 2731 1978 2787; baseline -0.001 -11"><span class='ocrx_word' id='word_1_357' title='bbox 166 2732 302 2776; x_wconf 88' lang='lat' dir='ltr'><strong>uerba</strong></span> <span class='ocrx_word' id='word_1_358' title='bbox 316 2732 493 2784; x_wconf 88' lang='lat' dir='ltr'><strong>omissa)</strong></span> <span class='ocrx_word' id='word_1_359' title='bbox 514 2746 623 2787; x_wconf 89' lang='lat' dir='ltr'><strong>quas</strong></span> <span class='ocrx_word' id='word_1_360' title='bbox 637 2733 743 2775; x_wconf 91' lang='lat' dir='ltr'><strong>alibi</strong></span> <span class='ocrx_word' id='word_1_361' title='bbox 762 2733 927 2776; x_wconf 81' lang='lat' dir='ltr'><strong>frustra</strong></span> <span class='ocrx_word' id='word_1_362' title='bbox 946 2732 1140 2786; x_wconf 89' lang='lat' dir='ltr'><strong>requiras</strong></span> <span class='ocrx_word' id='word_1_363' title='bbox 1162 2732 1370 2775; x_wconf 92' lang='lat' dir='ltr'><strong>ostendit.</strong></span> <span class='ocrx_word' id='word_1_364' title='bbox 1422 2732 1466 2775; x_wconf 91' lang='lat' dir='ltr'><strong>Si</strong></span> <span class='ocrx_word' id='word_1_365' title='bbox 1486 2739 1725 2775; x_wconf 88' lang='lat' dir='ltr'><strong>stemmata</strong></span> <span class='ocrx_word' id='word_1_366' title='bbox 1745 2731 1859 2774; x_wconf 86' lang='lat' dir='ltr'><strong>infra</strong></span> <span class='ocrx_word' id='word_1_367' title='bbox 1878 2744 1978 2786; x_wconf 90' lang='lat' dir='ltr'><strong>pro-</strong></span> 
     </span>
     <span class='ocr_line' id='line_1_37' title="bbox 165 2799 1977 2854; baseline -0.001 -11"><span class='ocrx_word' id='word_1_368' title='bbox 165 2799 260 2844; x_wconf 86' lang='lat' dir='ltr'><strong>lata</strong></span> <span class='ocrx_word' id='word_1_369' title='bbox 280 2799 531 2854; x_wconf 89' lang='lat' dir='ltr'><strong>inspexeris,</strong></span> <span class='ocrx_word' id='word_1_370' title='bbox 555 2801 672 2842; x_wconf 92' lang='lat' dir='ltr'><strong>hunc</strong></span> <span class='ocrx_word' id='word_1_371' title='bbox 694 2800 889 2842; x_wconf 90' lang='lat' dir='ltr'><strong>codicem</strong></span> <span class='ocrx_word' id='word_1_372' title='bbox 911 2806 1090 2842; x_wconf 89' lang='lat' dir='ltr'><strong>auctore</strong></span> <span class='ocrx_word' id='word_1_373' title='bbox 1114 2800 1329 2842; x_wconf 90' lang='lat' dir='ltr'><strong>Scheuero</strong></span> <span class='ocrx_word' id='word_1_374' title='bbox 1351 2799 1484 2842; x_wconf 87' lang='lat' dir='ltr'><strong>tertio</strong></span> <span class='ocrx_word' id='word_1_375' title='bbox 1506 2799 1659 2853; x_wconf 89' lang='lat' dir='ltr'><strong>gradu,</strong></span> <span class='ocrx_word' id='word_1_376' title='bbox 1686 2799 1977 2842; x_wconf 85' lang='lat' dir='ltr'><strong>Gudemanno</strong></span> 
     </span>
     <span class='ocr_line' id='line_1_38' title="bbox 166 2866 1975 2921; baseline -0.001 -11"><span class='ocrx_word' id='word_1_377' title='bbox 166 2873 346 2910; x_wconf 85' lang='lat' dir='ltr'><strong>auctore</strong></span> <span class='ocrx_word' id='word_1_378' title='bbox 373 2867 566 2910; x_wconf 90' lang='lat' dir='ltr'><strong>secundo</strong></span> <span class='ocrx_word' id='word_1_379' title='bbox 592 2867 730 2921; x_wconf 90' lang='lat' dir='ltr'><strong>gradu</strong></span> <span class='ocrx_word' id='word_1_380' title='bbox 757 2881 809 2910; x_wconf 93' lang='lat' dir='ltr'><strong>ex</strong></span> <span class='ocrx_word' id='word_1_381' title='bbox 836 2867 1132 2910; x_wconf 86' lang='lat' dir='ltr'><strong>Hersfeldensi</strong></span> <span class='ocrx_word' id='word_1_382' title='bbox 1157 2867 1269 2909; x_wconf 90' lang='lat' dir='ltr'><strong>libro</strong></span> <span class='ocrx_word' id='word_1_383' title='bbox 1296 2866 1506 2920; x_wconf 90' lang='lat' dir='ltr'><strong>originem</strong></span> <span class='ocrx_word' id='word_1_384' title='bbox 1533 2867 1689 2909; x_wconf 89' lang='lat' dir='ltr'><strong>ducere</strong></span> <span class='ocrx_word' id='word_1_385' title='bbox 1716 2866 1902 2918; x_wconf 88' lang='lat' dir='ltr'><strong>uidebis;</strong></span> <span class='ocrx_word' id='word_1_386' title='bbox 1930 2866 1975 2908; x_wconf 90' lang='lat' dir='ltr'><strong>in</strong></span> 
     </span>
     <span class='ocr_line' id='line_1_39' title="bbox 168 2933 1978 2988; baseline -0.001 -12"><span class='ocrx_word' id='word_1_387' title='bbox 168 2933 378 2978; x_wconf 89' lang='lat' dir='ltr'><strong>Suetonio</strong></span> <span class='ocrx_word' id='word_1_388' title='bbox 402 2941 553 2977; x_wconf 87' lang='lat' dir='ltr'><strong>autem</strong></span> <span class='ocrx_word' id='word_1_389' title='bbox 577 2934 772 2977; x_wconf 89' lang='lat' dir='ltr'><strong>codicem</strong></span> <span class='ocrx_word' id='word_1_390' title='bbox 795 2948 869 2977; x_wconf 90' lang='lat' dir='ltr'><strong>sex</strong></span> <span class='ocrx_word' id='word_1_391' title='bbox 892 2935 963 2977; x_wconf 90' lang='lat' dir='ltr'><strong>uel</strong></span> <span class='ocrx_word' id='word_1_392' title='bbox 986 2934 1183 2988; x_wconf 89' lang='lat' dir='ltr'><strong>pluribus</strong></span> <span class='ocrx_word' id='word_1_393' title='bbox 1207 2934 1414 2988; x_wconf 91' lang='lat' dir='ltr'><strong>gradibus</strong></span> <span class='ocrx_word' id='word_1_394' title='bbox 1437 2934 1495 2976; x_wconf 90' lang='lat' dir='ltr'><strong>ab</strong></span> <span class='ocrx_word' id='word_1_395' title='bbox 1520 2933 1817 2975; x_wconf 87' lang='lat' dir='ltr'><strong>Hersfeldensi</strong></span> <span class='ocrx_word' id='word_1_396' title='bbox 1840 2947 1978 2975; x_wconf 92' lang='lat' dir='ltr'><strong>remo-</strong></span> 
     </span>
     <span class='ocr_line' id='line_1_40' title="bbox 175 3000 1977 3053; baseline -0.001 -9"><span class='ocrx_word' id='word_1_397' title='bbox 175 3001 324 3044; x_wconf 79' lang='lat' dir='ltr'><strong>tum³⁸⁹</strong></span> <span class='ocrx_word' id='word_1_398' title='bbox 346 3001 658 3044; x_wconf 90' lang='lat' dir='ltr'><strong>demonstraui.</strong></span> <span class='ocrx_word' id='word_1_399' title='bbox 728 3002 959 3044; x_wconf 89' lang='lat' dir='ltr'><strong>Praeterea</strong></span> <span class='ocrx_word' id='word_1_400' title='bbox 983 3008 1082 3044; x_wconf 89' lang='lat' dir='ltr'><strong>tota</strong></span> <span class='ocrx_word' id='word_1_401' title='bbox 1105 3001 1271 3043; x_wconf 89' lang='lat' dir='ltr'><strong>indoles</strong></span> <span class='ocrx_word' id='word_1_402' title='bbox 1296 3001 1425 3043; x_wconf 90' lang='lat' dir='ltr'><strong>huius</strong></span> <span class='ocrx_word' id='word_1_403' title='bbox 1449 3001 1625 3053; x_wconf 91' lang='lat' dir='ltr'><strong>codicis,</strong></span> <span class='ocrx_word' id='word_1_404' title='bbox 1649 3001 1687 3043; x_wconf 91' lang='lat' dir='ltr'><strong>si</strong></span> <span class='ocrx_word' id='word_1_405' title='bbox 1710 3007 1889 3043; x_wconf 89' lang='lat' dir='ltr'><strong>externa</strong></span> <span class='ocrx_word' id='word_1_406' title='bbox 1913 3000 1977 3042; x_wconf 89' lang='lat' dir='ltr'><strong>in-</strong></span> 
     </span>
     <span class='ocr_line' id='line_1_41' title="bbox 168 3067 1977 3123; baseline -0.001 -13"><span class='ocrx_word' id='word_1_407' title='bbox 168 3067 390 3122; x_wconf 89' lang='lat' dir='ltr'><strong>spicimus,</strong></span> <span class='ocrx_word' id='word_1_408' title='bbox 419 3068 572 3111; x_wconf 89' lang='lat' dir='ltr'><strong>docere</strong></span> <span class='ocrx_word' id='word_1_409' title='bbox 600 3069 731 3111; x_wconf 89' lang='lat' dir='ltr'><strong>debet</strong></span> <span class='ocrx_word' id='word_1_410' title='bbox 761 3069 989 3123; x_wconf 86' lang='lat' dir='ltr'><strong>Dialogum</strong></span> <span class='ocrx_word' id='word_1_411' title='bbox 1017 3075 1061 3110; x_wconf 93' lang='lat' dir='ltr'><strong>et</strong></span> <span class='ocrx_word' id='word_1_412' title='bbox 1099 3068 1280 3110; x_wconf 91' lang='lat' dir='ltr'><strong>Suetoni</strong></span> <span class='ocrx_word' id='word_1_413' title='bbox 1307 3069 1604 3121; x_wconf 81' lang='lat' dir='ltr'><strong>fragmentum</strong></span> <span class='ocrx_word' id='word_1_414' title='bbox 1630 3081 1719 3110; x_wconf 91' lang='lat' dir='ltr'><strong>non</strong></span> <span class='ocrx_word' id='word_1_415' title='bbox 1746 3082 1797 3110; x_wconf 86' lang='lat' dir='ltr'><strong>ex</strong></span> <span class='ocrx_word' id='word_1_416' title='bbox 1824 3067 1977 3109; x_wconf 91' lang='lat' dir='ltr'><strong>eodem</strong></span> 
     </span>
    </p>
   </div>
   <div class='ocr_carea' id='block_1_3' title="bbox 259 3167 1710 3324">
    <p class='ocr_par' dir='ltr' id='par_1_5' title="bbox 259 3167 1710 3324">
     <span class='ocr_line' id='line_1_42' title="bbox 259 3167 839 3212; baseline 0.002 -9"><span class='ocrx_word' id='word_1_417' title='bbox 259 3168 308 3191; x_wconf 79' lang='lat'><strong>“⁸</strong></span> <span class='ocrx_word' id='word_1_418' title='bbox 319 3167 409 3204; x_wconf 89' lang='lat' dir='ltr'><strong>Vide</strong></span> <span class='ocrx_word' id='word_1_419' title='bbox 423 3173 544 3204; x_wconf 86' lang='lat' dir='ltr'><strong>tamen</strong></span> <span class='ocrx_word' id='word_1_420' title='bbox 558 3179 664 3212; x_wconf 89' lang='lat' dir='ltr'><strong>supra</strong></span> <span class='ocrx_word' id='word_1_421' title='bbox 677 3180 713 3212; x_wconf 88' lang='lat' dir='ltr'><strong>p.</strong></span> <span class='ocrx_word' id='word_1_422' title='bbox 729 3167 771 3204; x_wconf 91' lang='grc'><strong>57</strong></span> <span class='ocrx_word' id='word_1_423' title='bbox 786 3180 839 3212; x_wconf 87' lang='lat' dir='ltr'><strong>sq.</strong></span> 
     </span>
     <span class='ocr_line' id='line_1_43' title="bbox 259 3225 579 3247; baseline 0 0"><span class='ocrx_word' id='word_1_424' title='bbox 259 3225 303 3247; x_wconf 71' lang='grc'><strong>107</strong></span> <span class='ocrx_word' id='word_1_425' title='bbox 571 3225 579 3232; x_wconf 86' lang='grc'><em>“</em></span> 
     </span>
     <span class='ocr_line' id='line_1_44' title="bbox 259 3223 1710 3324; baseline -0.001 -9"><span class='ocrx_word' id='word_1_426' title='bbox 259 3280 306 3303; x_wconf 82' lang='lat'><strong>⁸⁸⁸</strong></span> <span class='ocrx_word' id='word_1_427' title='bbox 316 3223 503 3324; x_wconf 41' lang='lat' dir='ltr'><strong>Qum.</strong></span> <span class='ocrx_word' id='word_1_428' title='bbox 517 3224 601 3316; x_wconf 54' lang='grc' dir='ltr'><strong>ῗΖΎ</strong></span> <span class='ocrx_word' id='word_1_429' title='bbox 617 3235 654 3268; x_wconf 41' lang='grc' dir='ltr'><strong>Ρ.</strong></span> <span class='ocrx_word' id='word_1_430' title='bbox 670 3225 726 3260; x_wconf 39' lang='lat'><strong>46·</strong></span> <span class='ocrx_word' id='word_1_431' title='bbox 1134 3281 1174 3302; x_wconf 78' lang='lat'><strong>&#39;⁶⁹</strong></span> <span class='ocrx_word' id='word_1_432' title='bbox 1187 3280 1277 3315; x_wconf 88' lang='lat' dir='ltr'><strong>Vide</strong></span> <span class='ocrx_word' id='word_1_433' title='bbox 1291 3285 1442 3315; x_wconf 82' lang='lat' dir='ltr'><strong>stemma</strong></span> <span class='ocrx_word' id='word_1_434' title='bbox 1458 3290 1565 3323; x_wconf 88' lang='lat' dir='ltr'><strong>supra</strong></span> <span class='ocrx_word' id='word_1_435' title='bbox 1578 3290 1614 3323; x_wconf 91' lang='lat' dir='ltr'><strong>p.</strong></span> <span class='ocrx_word' id='word_1_436' title='bbox 1635 3279 1710 3314; x_wconf 92' lang='lat'><strong>186.</strong></span> 
     </span>
    </p>
   </div>
  </div>
 </body>
</html>
