2340 3840
391 342 452 376 132
716 342 784 376 DE
801 342 1093 377 FRAGMENTI
1110 342 1405 377 SVETONIANI
1420 343 1488 377 DE
1505 343 1850 379 GRAMMATICIS
2099 345 2175 387 [⁶32

389 451 632 504 exemplum
654 451 736 493 nisi
757 464 868 504 quae
889 451 933 493 in
954 452 1246 505 compluribus
1267 452 1362 494 aliis
1382 452 1602 494 codicibus
1623 453 1904 496 inueniuntur
1923 454 1973 480 ¹⁶⁸
1989 455 2173 508 praebet

390 515 437 558 V.
487 519 715 559 Praeterea
730 530 817 559 una
831 518 849 559 i
863 517 909 559 in
925 518 1056 560 tertia
1068 531 1253 571 persona
1267 518 1473 572 singulari
1486 518 1668 572 perfecti
1681 519 1817 562 actiui
1834 519 1880 562 in
1899 519 2060 562 talibus
2079 534 2175 570 uer-

391 584 457 625 bis
477 584 622 636 qualia
640 585 753 637 petit,
772 590 944 637 praeter
962 597 998 626 c.
1018 586 1044 626 9
1061 583 1120 637 (p.
1145 586 1236 635 106,
1257 582 1323 636 21)
1342 585 1499 637 repetit,
1519 584 1595 626 ubi
1612 598 1762 627 omnes
1778 585 1877 628 libri
1892 592 2065 639 praeter
2082 583 2116 628 L
2134 582 2175 629 K

388 649 490 700 (om.
513 647 567 701 U)
588 650 700 691 hanc
718 651 905 691 formam
923 657 1197 702 conseruant,
1217 663 1434 705 nusquam
1452 651 1498 692 in
1516 648 1552 692 V
1571 652 1818 704 apparet.¹⁶⁹
1865 653 2020 706 Neque
2038 652 2174 695 talem

389 717 577 758 formam
597 716 735 769 qualis
755 723 820 758 est
839 717 960 758 obicit
978 717 1122 759 hocin
1141 717 1287 759 codice
1304 715 1565 759 inuenies.¹⁷⁰
1610 719 1785 760 Errores
1805 731 1913 772 quos
1930 718 2095 761 librarii
2111 718 2176 762 in-

388 782 587 824 consulto
609 783 740 836 uulgo
761 783 967 835 facerent,
989 783 1035 825 in
1056 783 1138 825 hoc
1159 783 1306 826 codice
1328 789 1504 826 tantum
1525 797 1613 825 non
1634 784 1814 826 uidebis.
1865 786 2012 828 Vnum
2031 784 2174 828 solum

388 849 664 902 deprehendi,
679 850 723 892 in
738 849 877 893 indice
890 848 950 902 (p.
967 851 1036 901 99,
1057 847 1121 901 16)
1138 850 1324 901 Flabius,
1349 850 1432 891 nisi
1455 850 1573 903 quod
1596 863 1632 891 c.
1649 852 1675 892 9
1697 848 1756 903 (p.
1777 849 1868 902 107,
1889 849 1952 902 11)
1977 850 2023 892 in
2044 851 2176 894 εἰσπί-

388 916 576 957 monium
596 916 797 968 primitus
819 915 981 969 scripto
1000 916 1117 969 prior
1137 930 1158 958 s
1179 922 1339 970 postea
1361 916 1502 958 deleta
1523 923 1607 968 est;
1630 930 1666 958 c.
1691 918 1739 958 21
1762 915 1822 970 (p.
1849 917 1941 968 115,
1966 914 2033 968 16)
2054 917 2177 960 datus

388 987 446 1023 est
461 982 626 1023 muneri
640 982 851 1035 scriptum
867 989 946 1034 est,
962 982 1094 1036 signis
1109 994 1241 1035 supra
1255 982 1408 1036 positis
1424 983 1481 1024 ad
1497 996 1649 1025 uerum
1664 983 1859 1025 ordinem
1874 982 2174 1036 indicandum

388 1061 423 1089 c.
442 1049 493 1090 25
508 1047 568 1101 (p.
589 1049 680 1099 120,
701 1046 766 1099 12)
775 1049 1052 1102 sacieuudum
1066 1049 1213 1091 littera
1228 1063 1248 1090 e
1263 1049 1430 1102 uirgula
1445 1049 1625 1091 inducta
1639 1049 1876 1102 inuenitur;
1892 1062 1929 1091 c.
1943 1051 1996 1092 26
2004 1047 2064 1103 (p.
2081 1050 2174 1102 123,

392 1112 457 1165 12)
479 1115 659 1168 quadam
680 1115 725 1156 in
745 1123 827 1168 qud
848 1122 914 1158 est
934 1123 1192 1157 correctum.

476 1181 621 1223 Codex
644 1181 877 1233 Leidensis,
902 1194 1170 1234 quamquam
1192 1181 1334 1222 uerbis
1357 1180 1575 1223 omissis¹⁷1
1598 1181 1686 1222 fere
1709 1188 1840 1232 caret,
1864 1195 2004 1235 neque
2027 1181 2089 1224 eis
2113 1181 2176 1225 ui·

389 1246 460 1289 tiis
499 1260 610 1300 quae
649 1261 672 1288 e
705 1247 854 1289 librari
890 1247 1108 1300 imperitia
1151 1254 1229 1290 aut
1272 1248 1541 1301 neglegentia
1572 1247 1769 1289 oriuntur
1808 1247 2052 1290 maculatus
2093 1253 2175 1300 αἱ,

389 1327 540 1356 manus
580 1313 890 1356 emendatrices
929 1313 1099 1356 Iouiani
1143 1314 1333 1355 Pontani
1375 1314 1644 1366 aliorumque
1687 1314 1916 1356 doctorum
1959 1313 2174 1356 Italorum

387 1380 494 1421 satis
512 1380 662 1421 multis
678 1379 781 1421 locis
797 1393 1023 1433 perpessus
1041 1387 1119 1422 est.
1166 1381 1225 1422 Vt
1252 1379 1396 1422 uerbis
1413 1380 1643 1422 Wissowae
1669 1379 1839 1422 utar:¹⁷²
1886 1375 2175 1422 “Primarium

388 1445 547 1487 codicis
564 1446 784 1497 Leidensis
800 1446 989 1499 pretium
1005 1446 1050 1488 in
1067 1459 1123 1493 eo¹
1135 1446 1424 1488 constitutum
1441 1453 1520 1497 est,
1539 1446 1657 1499 quod
1673 1446 1838 1499 insigne
1854 1446 1979 1488 nobis
1994 1446 2176 1499 praebet

389 1512 699 1553 documentum
727 1513 971 1554 studiorum
999 1525 1025 1553 a
1055 1513 1194 1554 doctis
1222 1512 1347 1554 Italis
1375 1512 1694 1554 renascentium
1720 1512 1966 1555 litterarum
1993 1524 2103 1555 aeuo
2130 1511 2176 1555 in

388 1578 745 1620 transscribendis
768 1579 1030 1631 explicandis
1052 1578 1332 1621 emendandis
1362 1578 1643 1632 scriptoribus
1664 1578 1856 1633 antiquis
1877 1591 2015 1632 nuper
2035 1590 2176 1632 repet·

388 1644 444 1686 tis
477 1644 762 1698 positorum.''
825 1645 1188 1698 Interpolationes
1212 1645 1282 1687 uel
1305 1645 1589 1687 correctiones
1612 1645 1658 1686 in
1681 1645 1763 1686 hoc
1786 1644 1934 1687 codice
1957 1644 2174 1698 tripertite

388 1711 716 1764 distinguendae
743 1718 863 1763 sunt3
890 1712 1031 1765 primo
1058 1725 1166 1765 quas
1192 1712 1238 1754 in
1263 1711 1397 1764 ipsius
1422 1711 1643 1753 Leidensis
1669 1711 1958 1765 archetypum
1983 1709 2175 1764 suscepit

388 1778 628 1828 Pontanus,
650 1777 805 1819 deinde
825 1791 933 1830 quas
952 1778 1059 1821 fecit
1076 1778 1275 1820 librarius
1294 1777 1428 1831 ipsius
1447 1774 1493 1828 L,
1515 1777 1590 1831 qui
1608 1783 1653 1819 et
1671 1777 1762 1830 ipse
1781 1777 1848 1819 vir
1867 1777 2021 1819 doctus
2039 1777 2174 1820 fuisse

389 1843 579 1895 uidetur;
604 1843 788 1897 denique
813 1857 924 1897 quae
946 1845 1256 1898 posterioribus
1279 1844 1590 1886 correctoribus
1615 1844 1840 1886 debentur.

470 1910 648 1952 Nullam
673 1917 839 1952 certam
860 1911 998 1964 legem
1022 1912 1079 1953 ad
1103 1911 1429 1953 diiudicandum
1454 1923 1565 1963 quae
1584 1910 1629 1951 in
1648 1910 1731 1952 hoc
1748 1910 1858 1952 libro
1876 1909 2082 1952 lectiones
2100 1921 2174 1963 pe-

388 1977 568 2018 culiares
590 1977 805 2028 Pontano,
830 1990 941 2030 quae
964 1984 1114 2020 autem
1134 1977 1269 2030 ipsius
1292 1977 1450 2019 codicis
1473 1974 1505 2018 L
1525 1976 1700 2018 librario
1716 1976 1972 2029 debeantur,
1986 1974 2174 2018 inuenio.

390 2043 596 2084 Wissowa
615 2042 674 2096 (p.
698 2031 870 2095 XXVI)
895 2057 966 2086 eas
989 2044 1311 2091 emendationes
1335 2056 1442 2096 quas
1463 2043 1661 2084 librarius
1683 2041 1715 2085 L
1737 2049 1839 2095 post
1859 2042 2021 2084 librum
2041 2041 2174 2095 scrip-

389 2116 483 2150 tum
503 2109 606 2151 fecit
626 2123 713 2151 non
734 2110 923 2152 Pontani
942 2124 1032 2152 esse
1052 2110 1320 2152 coniecturas
1340 2110 1416 2152 sed
1435 2110 1491 2151 ab
1511 2109 1606 2162 ipso
1623 2109 1800 2150 librario
1817 2109 2064 2162 propositas
2084 2121 2176 2150 esse

387 2175 506 2216 omni
531 2176 841 2228 probabilitate
868 2177 1067 2228 coniecit;
1095 2178 1169 2219 sed
1196 2176 1474 2226 contrarium,
1502 2189 1650 2217 omnes
1676 2175 1884 2216 lectiones
1908 2174 1954 2216 in
1981 2180 2104 2216 textu
2129 2186 2175 2216 se

387 2241 597 2283 habentes
619 2244 818 2284 Pontano
838 2244 1020 2285 attribui
1041 2244 1209 2294 debere,
1225 2256 1312 2284 non
1332 2242 1592 2295 sequitur.1⁷³
1642 2243 1803 2282 Manus
1824 2240 2094 2283 emendatrix
2114 2240 2172 2282 ab

385 2308 480 2360 ipsa
502 2307 780 2361 inscriptione
803 2323 900 2351 orsa
923 2317 1002 2361 est,
1036 2311 1111 2352 ubi
1131 2323 1210 2363 pro
1236 2310 1299 2350 De
1321 2309 1611 2352 Grammaticis
1634 2314 1670 2349 et
1696 2308 1952 2357 Rhetoribus,
1980 2308 2043 2348 De
2065 2310 2173 2350 uiris

385 2375 619 2416 illustribus
645 2375 942 2427 substituit,¹⁷⁴
963 2383 1008 2418 et
1031 2376 1117 2418 alia
1141 2375 1397 2418 mutauit.¹⁷⁵
1461 2373 1730 2426 Subscriptio
1756 2387 1941 2426 quoque,
1969 2372 2170 2427 Amplius

386 2445 588 2492 repertum
610 2456 693 2482 non
715 2447 772 2482 est
792 2443 846 2482 ad
866 2443 956 2483 huc.
978 2443 1124 2484 desunt
1143 2444 1317 2484 rhetores
1339 2443 1412 2483 XI
1428 2454 1454 2482 a
1468 2441 1651 2494 pristina
1671 2441 1810 2482 forma
1831 2441 1954 2493 longe
1975 2438 2172 2481 discedit.

388 2507 593 2547 Wissowa
622 2506 680 2559 (p.
714 2507 894 2558 XXIII)
927 2509 1150 2550 librarium
1182 2506 1213 2549 L
1245 2507 1576 2561 orthographiae
1608 2507 1821 2548 rationem
1852 2505 2173 2548 Pontanianam

473 2639 517 2660 ¹⁸⁸
530 2638 618 2673 Vide
631 2650 737 2682 supra
750 2651 785 2683 p.
802 2641 858 2675 66.

473 2694 515 2715 ¹⁶⁹
528 2694 778 2737 Excipiendum
793 2699 847 2729 est
862 2706 891 2730 c.
909 2696 928 2729 5
942 2695 991 2739 (p.
1010 2697 1084 2739 104,
1100 2694 1154 2737 21)
1170 2697 1273 2730 obisse
1285 2694 1389 2737 (=W
1407 2694 1440 2728 D
1458 2693 1484 2728 L
1502 2693 1535 2728 G
1555 2692 1616 2735 Q).

472 2749 515 2770 ¹⁷⁰
527 2749 616 2783 Vide
630 2760 735 2793 supra
749 2761 784 2793 p.
802 2749 856 2785 67.
1557 2760 1559 2762 “

473 2804 514 2826 ¹⁷¹
527 2804 642 2839 Verba
657 2805 786 2840 omissa
800 2805 837 2840 in
852 2804 879 2840 L
893 2810 1033 2849 praeter
1047 2817 1088 2841 ea
1104 2817 1194 2849 quae
1209 2806 1245 2841 in
1262 2811 1338 2840 tota
1354 2806 1462 2848 stirpe
1484 2809 1508 2846 β
1522 2803 1617 2846 (uide
1633 2815 1738 2847 supra
1753 2815 1788 2847 p.
1807 2801 1884 2846 118)
1899 2802 2072 2838 deficiunt
2087 2801 2175 2837 haec

385 2863 482 2893 sunt:
493 2869 523 2893 c.
535 2860 557 2893 4
569 2859 618 2902 (p.
636 2861 709 2902 103,
724 2858 780 2901 23)
795 2865 824 2895 et
835 2860 847 2902 (
857 2859 922 2895 =C
933 2866 961 2896 Δ
976 2859 1038 2904 Q);
1053 2872 1082 2896 c.
1097 2860 1115 2895 7
1128 2861 1177 2904 (p.
1195 2862 1268 2903 105,
1283 2858 1339 2902 20)
1355 2861 1474 2903 σῶμα
1490 2871 1519 2895 c.
1532 2861 1554 2894 9
1566 2858 1616 2902 (p.
1634 2860 1707 2902 106,
1721 2856 1777 2900 21)
1792 2870 1873 2902 nom
1888 2869 1919 2894 c.
1934 2858 1976 2892 23
1988 2856 2039 2901 (p.
2052 2857 2126 2900 118,
2137 2854 2173 2898 3)

384 2913 444 2956 qui
458 2925 533 2948 eum
546 2913 619 2958 (qui
634 2926 709 2950 cum
724 2927 800 2950 eum
815 2914 932 2958 Reiff.)

473 2970 516 2991 ¹⁷²
527 2970 592 3012 op.
607 2971 662 3004 cit.
677 2982 712 3013 p.
726 2971 887 3006 xxxn.

473 3024 518 3046 ¹⁷⁸
530 3025 617 3059 Vide
632 3025 723 3060 infra
737 3037 773 3069 p.
794 3027 852 3060 181
871 3027 917 3061 ad
933 3028 992 3061 fin.

472 3080 517 3102 ¹⁷⁴
529 3080 607 3114 Hoc
625 3080 786 3116 Pontano
804 3082 1069 3117 attribuendum
1088 3087 1153 3124 est,
1172 3087 1214 3116 ut
1232 3086 1318 3116 nota
1337 3081 1395 3115 illa
1414 3080 1613 3122 marginalis
1630 3079 1678 3115 ad
1694 3079 1774 3114 libri
1791 3078 1931 3113 initium
1947 3077 2043 3119 (uide
2059 3087 2168 3120 supra

383 3145 419 3176 p.
440 3131 495 3175 19)
512 3134 626 3170 docet.

474 3190 515 3212 ¹⁷⁸
529 3190 616 3225 Vide
629 3201 735 3234 supra
747 3203 782 3234 p.
801 3193 877 3235 116;
890 3204 926 3235 p.
942 3193 982 3226 61
1000 3203 1053 3236 sq.
