2340 3840
398 372 440 406 28
728 371 796 406 DE
812 371 1105 407 FRAGMENTI
1121 372 1417 408 SVETONIANI
1432 371 1500 407 DE
1516 372 1862 408 GRAMMATICIS
2104 374 2181 415 1528

398 496 671 536 quaeramus,
692 496 780 525 non
798 497 878 538 pro
898 484 1068 526 duabus
1088 484 1288 525 manibus
1307 483 1352 525 in
1373 483 1665 526 Hersfeldensi
1683 484 1828 526 codice
1848 485 1923 526 sed
1942 497 2022 538 pro
2042 485 2180 527 tribus

398 550 553 592 saltem
582 556 773 592 statuere
802 550 1050 592 debeamus,
1110 551 1267 592 Nonne
1295 543 1444 592 autem
1472 550 1566 592 luce
1594 551 1749 592 clarius
1779 557 1961 604 apparet
1988 551 2180 593 codicem

398 615 746 658 Hersfeldensem
767 629 856 658 uno
877 623 1010 669 atque
1030 617 1183 658 eodem
1204 616 1292 658 fere
1314 623 1508 670 tempore
1529 623 1675 669 atque,
1699 617 1816 670 quod
1837 617 2025 659 iudicare
2045 617 2180 671 possi-

397 696 507 735 mus,
526 683 582 724 ab
600 696 688 724 uno
704 683 941 736 eodemque
958 683 1131 725 librario
1148 689 1373 725 exaratum
1388 697 1494 735 esse,
1527 683 1602 736 qui
1620 690 1846 736 tamquam
1862 690 2029 726 certum
2059 682 2181 725 folio-

396 763 492 791 rum
507 762 734 791 numerum
744 749 922 801 habens,
938 762 1049 802 quae
1058 749 1141 791 illis
1153 756 1362 802 quattuor
1375 749 1590 803 opusculis
1601 750 1829 803 replendae
1843 756 2000 801 essent,
2012 749 2181 792 litteras

399 816 643 858 subtiliores
673 822 718 858 et
749 815 966 858 densiores
988 816 1204 869 gradatim
1225 815 1424 868 efficeret,
1448 829 1502 857 ne
1522 816 1799 857 membranae
1821 816 1878 857 ad
1901 822 2046 858 totum
2069 828 2180 870 opus

397 882 705 936 perficiendum
724 882 944 924 deessent?
985 882 1068 924 Cui
1083 882 1275 936 opinioni
1292 895 1379 923 non
1396 882 1545 924 obstat
1562 882 1679 935 quod
1694 883 1910 935 Agricolae
1925 882 2012 923 duo
2027 881 2182 924 ultima

398 948 502 990 folia
517 948 712 991 densiore
727 949 939 1002 scriptura
953 949 1118 1002 repleta
1132 955 1270 1000 erant,
1280 950 1419 1001 'quam
1433 949 1604 1002 Dialogi
1616 949 1809 1002 proxime
1823 948 2050 1001 sequentia
2062 947 2180 1000 folia,

399 1028 498 1056 cum
522 1015 628 1057 satis
652 1021 824 1057 constet
846 1015 1070 1057 librarium
1094 1022 1263 1057 textum
1288 1015 1351 1056 ita
1374 1015 1608 1068 producere
1633 1015 1820 1056 noluisse
1844 1021 1895 1056 ut
1919 1015 2114 1067 Agricola
2136 1014 2181 1056 in

398 1081 617 1134 sequentis
630 1082 814 1135 paginae
828 1082 970 1123 media
983 1087 1108 1135 parte
1123 1081 1308 1123 desierit.

482 1149 549 1189 De
563 1148 695 1190 libelli
710 1148 961 1190 Suetoniani
975 1147 1227 1201 archetypo,
1243 1154 1294 1189 ut
1308 1160 1419 1200 quae
1434 1160 1563 1200 supra
1577 1148 1754 1201 exposui
1768 1147 1958 1189 breuiter
1970 1153 2180 1201 repetam,

399 1214 505 1256 haec
524 1214 612 1256 fere
631 1220 822 1256 statuere
840 1227 1084 1268 possumus.
1146 1212 1208 1264 (1)
1239 1215 1293 1255 In
1312 1227 1400 1255 uno
1418 1213 1564 1255 codice
1592 1226 1691 1255 cum
1710 1213 1853 1255 Taciti
1872 1213 2074 1267 operibus
2102 1213 2181 1255 mi·

398 1281 573 1323 noribus
591 1281 870 1322 coniunctum
880 1286 986 1323 erat.
1049 1279 1111 1331 (2)
1133 1280 1356 1332 Quantum
1371 1280 1559 1322 iudicare
1574 1293 1817 1334 possumus,
1830 1286 1975 1322 totum
1989 1279 2181 1322 codicem

398 1360 485 1388 una
503 1354 635 1400 atque
653 1348 804 1389 eadem
823 1359 977 1388 manus
995 1347 1203 1388 exarauit.
1247 1345 1309 1397 (3)
1330 1347 1414 1388 Hic
1432 1347 1566 1388 codex
1583 1347 1754 1388 saeculo
1772 1359 1888 1387 nono
1906 1346 1976 1387 uel
1993 1345 2177 1397 decimo,

398 1426 486 1454 non
509 1413 680 1455 saeculo
704 1414 834 1455 tertio
857 1413 1024 1455 decimo
1047 1419 1097 1455 ut
1120 1413 1260 1454 uoluit
1284 1412 1484 1464 Rothius,
1509 1412 1730 1454 confectus
1753 1419 1832 1454 est.
1905 1410 1968 1463 (4)
2003 1413 2056 1454 In
2090 1424 2181 1454 mo·

398 1480 588 1522 nasterio
617 1480 923 1531 Hersfeldemi,
955 1493 1043 1520 non
1074 1479 1277 1521 Fuldensi
1307 1479 1376 1521 uel
1407 1479 1655 1521 Corbeiensi
1675 1485 1725 1520 ut
1746 1485 1839 1520 erat
1860 1477 2182 1520 Reifferscheidi

398 1546 544 1599 opinio
566 1547 780 1600 repositus
802 1553 909 1588 erat.
972 1545 1034 1596 (5)
1059 1546 1138 1587 Ille
1160 1545 1252 1599 ipse
1275 1546 1481 1599 antiquus
1504 1545 1651 1597 codex,
1676 1558 1763 1586 non
1779 1545 1869 1586 eius
1885 1543 2180 1598 apographon,

398 1618 448 1654 ut
464 1613 838 1654 Reifferscheidius
851 1612 1041 1666 putauit,
1058 1614 1245 1654 Romam
1258 1612 1371 1654 inter
1385 1625 1523 1654 annos
1539 1614 1640 1653 1431
1658 1618 1702 1654 et
1720 1612 1823 1653 1455
1838 1616 2086 1664 reportatus
2098 1617 2179 1652 est.

403 1677 464 1730 (6)
503 1679 707 1721 Codicem
741 1680 797 1720 ab
833 1678 983 1720 Enoch
1008 1678 1224 1720 Asculano
1248 1678 1435 1720 relatum
1459 1692 1550 1720 esse
1574 1690 1815 1731 numquam
1838 1677 2074 1731 probatum
2098 1683 2180 1728 est,

397 1758 535 1797 neque
554 1746 782 1787 uerisimile
802 1745 987 1787 uidetur.
1051 1743 1112 1796 (7)
1136 1744 1308 1787 Codicis
1326 1744 1640 1787 Hersfeldensis
1659 1757 1746 1786 una
1765 1743 1992 1797 quaternio
2010 1743 2180 1796 integra

396 1813 612 1864 Agricolae
635 1819 803 1854 textum
826 1825 852 1853 a
874 1825 909 1853 c.
931 1813 995 1863 13,
1014 1813 1037 1852 2
1061 1825 1234 1853 munera
1255 1811 1312 1853 ad
1334 1824 1370 1853 c.
1387 1812 1454 1863 40,
1473 1810 1495 1852 7
1513 1812 1567 1852 ad
1588 1811 1824 1864 Agricolam
1846 1810 2114 1863 amplectens
2135 1809 2180 1851 in

398 1878 543 1919 codice
566 1879 724 1920 Aesino
745 1878 872 1920 hodie
894 1884 1106 1920 seruatur.
