2340 3840
162 359 240 403 ⁵1⁷1
563 360 627 394 ET
643 359 954 395 RHETORIBVS
971 359 1198 395 CODICVM
1215 359 1354 395 NExv
1370 360 1434 394 ET
1450 360 1567 395 FIDE
1930 360 1970 395 17

161 473 298 516 codice
315 480 418 528 post
430 473 656 526 utriusque
669 473 810 526 operis
826 472 1162 526 descriptionem
1176 473 1322 526 posita
1337 473 1463 514 nobis
1477 473 1822 527 suppeditarent.
1872 474 1970 516 Alia

162 540 297 584 etiam
343 540 516 582 Nicolai
552 540 890 582 commentarius
928 539 985 581 ad
1022 539 1217 581 codicem
1255 539 1607 582 Hersfeldensem
1643 539 1967 583 restituendum

162 606 356 650 conferre
375 607 482 649 mihi
502 607 689 658 uidetur,
712 619 824 660 quae
843 606 901 648 ad
921 606 1164 648 enarranda
1186 612 1372 648 transeo.

247 675 375 717 Duae
400 673 718 728 discrepantiae
743 673 858 715 inter
883 673 1054 715 Nicolai
1081 679 1126 715 et
1153 673 1386 715 Decembri
1414 673 1666 715 testimonia
1692 673 1966 716 animaduer-

163 747 331 792 tuntur,
355 753 468 794 quae
489 740 593 783 uiris
610 740 873 782 doctissimis
894 740 959 782 ita
974 753 1128 794 graues
1145 740 1264 782 uisae
1287 746 1403 791 sunt,
1429 746 1479 782 ut
1501 739 1679 782 alterius
1702 739 1843 782 utrius
1866 741 1968 783 fidei

161 807 368 862 derogare
392 807 567 850 uellent.
628 807 774 850 Primo
801 807 1010 849 Nicolaus
1036 807 1090 849 de
1116 808 1288 860 Dialogi
1312 814 1491 849 auctore
1518 813 1649 858 tacet,
1679 807 1967 850 Decembrius

161 881 312 918 autem
331 875 519 918 Cornelii
537 875 656 916 taciti
675 874 866 928 dialogus
886 875 935 916 de
955 875 1186 916 oratoribus
1206 874 1392 927 scripsit.
1453 873 1624 916 Deinde
1647 880 1759 916 teste
1781 875 1825 916 N
1826 874 1967 917 icolao

161 942 366 995 Dialogus
384 941 686 995 duodeuiginti
704 941 819 983 foliis
837 941 1160 993 continebatur,
1181 941 1287 982 dum
1307 941 1593 983 Decembrius
1613 940 1967 994 quattuordecim

159 1008 265 1051 folia
279 1015 383 1051 ante
397 1009 600 1051 lacunam
619 1007 672 1059 (c.
691 1006 762 1059 35)
781 1015 826 1050 et
841 1008 930 1050 duo
944 1008 1050 1050 folia
1065 1021 1166 1050 cum
1181 1008 1362 1049 dimidio
1377 1014 1481 1061 post
1496 1021 1594 1049 eam
1609 1014 1752 1059 notat,
1768 1007 1833 1050 ita
1849 1014 1899 1050 ut
1915 1022 1967 1051 eo

159 1082 339 1118 auctore
366 1076 572 1129 Dialogus
600 1075 896 1129 septendecim
926 1075 1058 1117 modo
1085 1075 1191 1117 folia
1219 1075 1425 1117 habuisse
1454 1074 1669 1117 uideatur.
1730 1075 1852 1127 Quae
1881 1075 1968 1117 dis·

164 1142 412 1197 crepantiae
427 1142 553 1185 facile
567 1142 682 1184 inter
697 1157 741 1184 se
757 1142 976 1184 conciliari
990 1155 1118 1196 posse
1134 1142 1240 1183 mihi
1256 1142 1474 1194 uidentur,
1493 1155 1633 1195 neque
1649 1141 1737 1183 ulla
1752 1148 1819 1184 est
1835 1155 1967 1185 causa

158 1223 236 1252 cur
252 1209 453 1252 alterutri
472 1210 724 1252 testimonio
742 1209 874 1252 fidem
893 1210 1162 1263 derogemus.
1221 1209 1291 1251 Ad
1311 1215 1547 1262 utrumque
1567 1209 1732 1250 nodum
1751 1209 1968 1262 explican-

158 1277 265 1319 dum
281 1277 416 1319 codex
443 1276 790 1319 vindobonensis
809 1276 902 1328 711,
932 1276 1007 1330 qui
1024 1276 1130 1318 mihi
1159 1276 1415 1318 Suetonium
1442 1276 1732 1330 pertractanti
1758 1289 1969 1330 saepenu-

158 1357 278 1386 mero
294 1343 454 1387 auxilio
471 1344 692 1396 subuenit,
711 1357 860 1386 ueram
877 1344 1092 1386 rationem
1110 1350 1353 1385 monstrare
1372 1343 1558 1385 uidetur.

241 1412 301 1454 Vt
316 1411 373 1453 ab
389 1424 441 1453 ea
455 1425 501 1453 re
517 1424 651 1465 quam
666 1411 894 1453 certiorem
910 1411 1023 1453 duco
1050 1411 1260 1462 exordiar,
1278 1411 1324 1452 in
1340 1410 1488 1452 codice
1504 1409 1832 1453 vindobonensi
1857 1410 1965 1452 haec

155 1479 381 1533 inscriptio
409 1480 587 1533 Dialogo
613 1479 850 1533 praemissa
876 1485 961 1521 est:
992 1479 1259 1521 INCIPIT
1290 1480 1363 1520 DI
1367 1479 1403 1520 A
1415 1478 1522 1521 LOG
1532 1479 1602 1521 VS
1631 1479 1718 1520 DE
1743 1478 1862 1520 ORA
1877 1479 1967 1521 To-

156 1546 226 1588 RI
230 1546 268 1588 Β
279 1545 362 1588 VS.
396 1546 467 1587 Ad
482 1545 613 1588 finem
630 1553 780 1588 autem
794 1546 900 1587 haec
917 1545 1178 1599 subscriptio
1190 1545 1365 1599 legitur:
1397 1545 1584 1587 Cornelii
1596 1545 1714 1586 taciti
1729 1546 1777 1586 de
1794 1546 1965 1587 oratori·

155 1614 233 1655 bus
254 1613 438 1667 explicit.
485 1613 601 1665 Quin
624 1613 760 1655 codex
775 1613 1138 1664 Vindobonensis,
1158 1613 1320 1666 quippe
1340 1612 1416 1665 qui
1438 1612 1484 1653 in
1505 1611 1713 1654 Suetonio
1736 1612 1965 1666 archetypi

156 1679 411 1723 memoriam
438 1686 530 1723 tam
565 1692 694 1733 saepe
719 1680 795 1721 ubi
819 1680 865 1721 in
889 1680 1043 1722 ceteris
1079 1680 1302 1722 codicibus
1328 1686 1561 1732 tamquam
1586 1678 1746 1720 amissa
1772 1686 1837 1721 est
1863 1693 1964 1722 con-

156 1759 351 1790 seruasse
391 1746 608 1798 uideatur,
653 1748 827 1801 Dialogi
865 1746 1195 1801 inscriptionem
1235 1745 1281 1789 e't
1321 1746 1686 1799 subscriptionem
1726 1746 1788 1788 sic
1829 1753 1879 1788 ut
1919 1746 1964 1788 in

156 1813 452 1856 Hersfeldensi
463 1813 611 1856 codice
628 1828 673 1856 se
685 1813 897 1856 haberent
908 1813 1116 1868 proferat,
1137 1813 1209 1856 uix
1228 1813 1410 1856 dubium
1423 1813 1529 1854 mihi
1543 1812 1728 1854 uidetur.
1789 1813 1916 1865 Quod
1929 1813 1965 1856 si

157 1897 309 1927 uerum
327 1890 408 1936 est,
429 1884 670 1926 monachus
689 1884 1022 1937 Hersfeldensis,
1044 1884 1119 1938 qui
1139 1884 1247 1926 nihil
1266 1884 1348 1926 nisi
1367 1884 1636 1937 singulorum
1655 1883 1964 1937 opusculorum

155 1954 458 2009 inscriptiones
485 1962 620 2008 atque
649 1955 783 1997 uerba
809 1955 952 2010 prima
980 1955 1268 2009 transcripsit,
1300 1955 1474 1997 Corneli
1501 1954 1646 1996 Taciti
1674 1968 1835 1996 nomen
1863 1968 1963 1996 cum

156 2026 332 2079 Dialogo
356 2026 639 2067 coniunctum
662 2039 751 2067 non
772 2026 955 2068 inuenit.
1016 2026 1302 2068 Decembrius
1325 2032 1488 2077 autem,
1515 2025 1590 2078 qui
1612 2038 1686 2066 eos
1709 2025 1843 2066 libros
1867 2025 1963 2066 dili-

155 2102 306 2150 genter
321 2096 616 2150 perlustrauit,
635 2096 779 2138 Taciti
796 2110 955 2138 nomen
972 2097 1029 2139 ad
1045 2098 1218 2150 Dialogi
1234 2097 1366 2138 finem
1381 2096 1621 2147 inueniens,
1640 2095 1766 2148 quasi
1782 2095 1963 2149 inscrip-

157 2166 288 2209 tionis
310 2179 412 2221 pars
436 2173 564 2219 esset,
590 2167 788 2209 adduxit.

239 2237 497 2291 Impeditior
516 2244 583 2279 est
604 2238 804 2291 quaestio
825 2238 878 2280 de
897 2237 1103 2280 foliorum
1123 2251 1317 2289 numero,
1341 2237 1500 2291 quibus
1521 2237 1726 2289 Dialogus
1755 2236 1802 2277 in
1831 2237 1962 2278 Hers-

155 2307 337 2350 feldensi
361 2307 509 2350 codice
533 2308 855 2350 continebatur.
915 2309 1087 2352 Nicolai
1112 2308 1452 2351 commentarius
1477 2307 1730 2360 simpliciter
1757 2314 1960 2358 testatur,

155 2379 229 2432 qui
245 2378 347 2420 liber
362 2380 542 2420 continet
558 2379 797 2434 xvizjsolia.
859 2380 1144 2422 Decembrius
1161 2386 1312 2422 autem
1329 2379 1436 2420 haec
1455 2377 1645 2432 scripsit:
1703 2377 1822 2430 Opus
1831 2377 1962 2431 folio-

157 2519 272 2561 “rem
297 2521 486 2573 cogitare.
515 2521 626 2562 nihil
652 2521 855 2562 abiectum
881 2521 992 2562 nihil
1018 2521 1220 2563 humile.''
1279 2525 1371 2574 post
1398 2521 1468 2561 hec
1492 2524 1723 2573 sequuntur
1739 2518 1854 2572 folia
1881 2518 1962 2559 duo

155 2603 249 2632 cum
271 2590 462 2632 dimidio.
521 2595 558 2632 et
572 2591 692 2644 finit.
711 2624 720 2633 .
740 2623 749 2633 .
789 2591 903 2634 Cum
937 2591 1223 2634 Decembrius
1257 2591 1311 2633 de
1333 2590 1448 2632 foliis
1481 2589 1689 2643 loquitur,
1714 2588 1853 2630 cuiuis
1887 2601 1963 2642 ap·

155 2673 306 2714 parere
326 2660 458 2703 debet
479 2675 580 2703 eum
600 2660 706 2704 folia
726 2662 942 2716 scriptura
962 2662 1129 2717 repleta
1159 2662 1414 2716 significare.
1488 2662 1606 2703 Nam
1629 2659 1735 2713 quid
1746 2659 1860 2713 solia
1881 2659 1962 2700 duo

155 2745 250 2773 cum
269 2731 447 2773 dimidio
460 2731 543 2773 sibi
565 2731 674 2774 uelle
685 2739 871 2786 possunt
884 2732 966 2775 nisi
978 2734 1062 2775 tria
1073 2734 1187 2787 folia
1200 2747 1388 2787 quorum
1404 2745 1541 2774 unum
1555 2730 1762 2785 paginam
1778 2742 1964 2771 uacuam

155 2801 315 2844 habet?
371 2802 516 2854 Quare
533 2816 640 2844 num
658 2803 968 2846 Decembrium
984 2803 1281 2858 septendecim
1298 2803 1430 2845 modo
1447 2802 1554 2844 folia
1569 2801 1615 2843 in
1633 2801 1811 2853 Dialogo
1830 2801 1963 2841 Hers-

155 2871 338 2915 feldensi
365 2872 526 2914 uidisse
546 2873 773 2915 credamus
794 2887 967 2917 necesse
987 2875 1079 2917 est?
1138 2874 1342 2917 Minime!
1373 2887 1474 2915 cum
1495 2870 1602 2914 nihil
1621 2870 1833 2925 impediat
1857 2869 1963 2923 quin

155 2943 202 2985 in
224 2942 299 2985 illa
323 2942 481 2985 lacuna
504 2950 606 2996 post
631 2943 786 2986 folium
812 2952 1020 2998 quartum
1045 2945 1264 2988 decimum
1288 2944 1409 2987 aliud
1433 2943 1588 2985 folium
1614 2955 1804 2984 uacuum
1830 2940 1964 2983 inter-

155 3013 341 3066 cederet,
375 3014 494 3067 quod
526 3014 811 3057 Decembrius
842 3014 1048 3058 foliorum
1079 3029 1320 3058 uacuorum
1352 3014 1518 3056 nullam
1549 3012 1765 3055 rationem
1796 3011 1964 3053 habens

156 3096 495 3126 commemorare
513 3084 760 3138 neglexerit.
820 3086 949 3138 Quod
967 3100 1057 3128 non
1076 3087 1307 3130 uerisimile
1325 3086 1402 3128 sed
1421 3098 1574 3127 uerum
1594 3097 1687 3125 esse
1705 3082 1841 3124 codex
1860 3080 1964 3123 Vin·

157 3154 418 3197 dobonensis
444 3154 519 3197 711
548 3155 655 3197 mihi
677 3156 926 3210 persuadet,
952 3157 1115 3212 quippe
1139 3157 1215 3212 qui
1238 3157 1296 3199 ad
1319 3157 1524 3198 lacunam
1547 3152 1830 3196 indicandam
1855 3151 1964 3193 duas

156 3224 246 3267 fere
258 3225 441 3279 paginas
457 3238 619 3267 uacuas
633 3226 856 3279 praebeat,
873 3226 986 3270 hanc
1006 3234 1163 3274 ¹tamen
1178 3234 1331 3270 notam
1345 3226 1559 3281 proferat:
1618 3225 1684 3265 hic
1698 3228 1756 3264 est
1781 3222 1966 3275 desectus
