2340 3840
430 351 473 387 76
761 351 829 385 DE
845 350 1139 385 FRAGMENTI
1154 350 1449 386 SVETONIANI
1464 351 1532 385 DE
1550 350 1895 386 GRAMMATICIS
2140 351 2218 394 [576

431 464 526 516 ipso
563 463 856 504 Hersfeldensi
890 463 1034 504 locum
1069 462 1321 513 obtinuisse,
1357 463 1612 516 praesertim
1647 476 1747 503 cum
1782 462 1870 504 iam
1904 463 2011 504 satis
2046 469 2216 506 constet

430 529 655 571 librarium
678 527 730 570 W
753 529 972 570 hominem
994 536 1109 570 certe
1130 524 1286 582 parum
1309 529 1488 570 doctum
1508 528 1714 570 lectiones
1737 529 1956 571 uariantes
1977 542 2065 571 non
2084 529 2218 572 semel

434 603 610 638 tantum
634 596 680 636 in
705 602 875 637 textum
900 595 1137 648 accepisse?
1189 596 1291 637 Non
1316 602 1465 637 tamen
1488 602 1598 648 puto
1623 595 1743 636 aliud
1767 609 1925 636 nomen
1949 595 1995 637 in
2018 595 2218 638 ubursom·

433 663 581 713 latere,
602 668 652 703 ut
672 662 811 703 uoluit
829 662 995 703 Ihmius
1015 659 1075 714 (p.
1097 663 1192 712 548,
1212 662 1313 703 adn.
1335 660 1394 712 2).
1447 662 1575 714 Quod
1593 675 1751 703 nomen
1772 663 1989 703 Burs-enus
2005 661 2112 703 alibi
2127 673 2218 703 non

433 729 666 779 inuenitur,
700 729 819 770 haud
849 728 955 769 satis
987 728 1143 770 idonea
1175 741 1304 770 causa
1337 728 1444 770 mihi
1475 728 1649 770 uidetur
1680 741 1756 769 cur
1786 727 2050 769 reiciendum
2079 727 2218 770 sit-²⁰⁸

520 796 568 836 C.
589 796 613 836 3
632 793 691 847 (p.
715 795 806 846 102,
830 793 892 846 14)
914 795 958 835 in
977 794 1300 836 Vindobonensi
1317 795 1450 847 equite
1469 808 1495 835 a
1512 808 1546 836 r.
1562 794 1732 847 legitur,
1749 794 1824 835 ubi
1838 794 1968 835 ceteri
1977 793 2219 848 librieqm'te

439 859 678 902 Romano¹⁰⁷
698 861 875 903 habent.
927 862 1044 903 Caue
1064 868 1213 902 autem
1232 874 1286 902 ne
1305 861 1424 902 illam
1445 875 1470 902 a
1489 861 1580 902 sine
1600 860 1688 902 ulla
1708 873 1838 902 causa
1857 860 1901 901 in
1922 857 1975 901 W
1993 872 2039 901 se
2058 859 2216 902 habere

437 928 669 978 existimes;
682 927 919 979 siquidem
907 941 952 968 in
965 940 1091 968 uersu
1103 928 1291 968 secundo
1303 927 1398 968 loco
1410 927 1693 980 praecedente
1717 924 1769 968 W
1791 933 2115 979 panosagecema
2134 938 2216 979 pro

438 1001 763 1046 panosagacema
779 994 824 1035 in
852 994 1003 1035 ceteris
1030 994 1149 1035 libris
1179 994 1326 1035 habet.
1374 995 1488 1047 Ergo
1516 994 1635 1034 illam
1666 1007 1691 1034 a
1717 1000 1819 1046 post
1846 993 1979 1045 equite
2009 992 2054 1033 in
2081 989 2148 1072 W
2161 991 2219 1034 ad

438 1067 757 1113 panosagecema
776 1060 1045 1101 referendam
1063 1067 1186 1112 puto.
1190 1061 1239 1085 ²⁰⁸

522 1127 571 1168 C.
608 1127 658 1167 14
687 1125 746 1179 (p.
783 1127 874 1178 112,
907 1124 948 1177 3)
983 1123 1035 1167 W
1066 1127 1180 1167 solus
1213 1139 1361 1168 ueram
1392 1127 1652 1178 scripturam
1683 1133 1859 1167 tantum
1890 1138 1977 1166 non
2008 1123 2219 1167 ostendit:

430 1185 598 1258 3‘32'2‘2ya·
658 1204 801 1245 Ceteri
821 1204 919 1245 libri
940 1218 1088 1245 omnes
1109 1204 1215 1245 nihil
1237 1204 1319 1245 nisi
1339 1210 1479 1256 satyra
1501 1204 1569 1245 uel
1589 1209 1733 1245 satura
1754 1203 1823 1245 uel
1844 1203 1975 1244 satira
1996 1201 2220 1244 habent.¹⁰⁰

437 1272 603 1314 Statius
632 1271 720 1312 iam
750 1271 917 1311 dudum
945 1270 1101 1311 Santra
1130 1270 1327 1322 coniecit,
1359 1283 1492 1323 quam
1520 1270 1787 1323 praeclaram
1817 1268 2164 1311 emendationem
2191 1280 2220 1309 a

437 1337 717 1391 sequentibus
742 1337 983 1390 neglectam
1009 1337 1217 1378 Preller1¹⁰
1241 1337 1530 1387 resuscitauit‚
1562 1338 1776 1387 Osannus,
1812 1334 2013 1386 Rothius,
2039 1333 2220 1376 Reiffer-

435 1404 735 1456 scheidiusque
772 1410 887 1445 recte
923 1403 1165 1445 ediderunt.
1239 1405 1369 1445 Nunc
1406 1404 1521 1445 Stati
1557 1403 1804 1445 coniectura
1839 1407 2012 1455 praeter
2046 1395 2221 1442 omnem

437 1470 758 1512 dubitationem
781 1469 939 1511 codicis
964 1467 1016 1511 W
1040 1470 1290 1511 testimonio
1314 1470 1612 1520 confirmatur;
1637 1482 1740 1511 nam
1765 1482 1851 1522 quo
1875 1468 2006 1510 modo
2028 1465 2221 1509 dubitari

435 1537 573 1591 possit
599 1537 703 1589 quin
729 1536 886 1589 duplex
909 1536 1037 1578 lectio
1061 1542 1232 1589 santya:
1260 1542 1401 1590 satyra
1424 1537 1469 1578 in
1494 1536 1786 1578 Hersfeldensi
1809 1535 1919 1576 libro
1943 1538 2110 1576 extaret
2133 1545 2221 1574 non

437 1604 576 1645 uideo.

522 1670 642 1710 Aliae
662 1675 766 1710 sunt
786 1669 1024 1721 scripturae
1045 1669 1278 1711 uarietates
1299 1670 1344 1711 in
1365 1669 1530 1710 familia
1553 1666 1588 1709 X
1610 1681 1720 1721 quae
1741 1668 1894 1710 eadem
1913 1672 2032 1708 certa
2051 1664 2220 1707 ratione

438 1737 548 1777 libro
570 1735 861 1777 Hersfeldensi
882 1735 1065 1776 attribui
1085 1749 1173 1777 non
1193 1743 1390 1788 possunt,
1413 1736 1502 1786 sed,
1525 1748 1626 1776 cum
1646 1734 1752 1776 haec
1772 1733 1937 1775 familia
1958 1738 2053 1774 tam
2073 1730 2222 1772 multis

440 1803 578 1844 modis
596 1801 847 1842 memoriam
863 1802 1034 1854 antiqui
1051 1802 1277 1854 archetypi
1293 1808 1479 1852 reuocet,
1498 1802 1575 1842 has
1593 1814 1765 1854 quoque
1781 1800 1986 1842 lectiones
2001 1811 2053 1840 ex
2067 1796 2220 1840 eodem

439 1868 731 1910 Hersfeldensi
747 1869 988 1909 manauisse
1004 1869 1142 1910 tutius
1157 1869 1319 1910 credas,
1366 1869 1414 1910 C.
1431 1870 1456 1910 3
1476 1867 1535 1920 (p.
1556 1869 1647 1919 102,
1666 1865 1730 1918 13)
1749 1864 1787 1908 Ο
1804 1863 1856 1907 W
1870 1866 1915 1907 in
1930 1870 2054 1907 textu
2067 1863 2223 1905 falsam

438 1935 667 1977 lectionem
681 1936 830 1986 capulo
843 1948 924 1987 pro
937 1935 1084 1976 Catulo
1099 1935 1353 1985 ostendum
1368 1935 1443 1976 sed
1457 1935 1569 1976 hanc
1583 1947 1673 1976 esse
1688 1946 1852 1975 meram
1865 1929 2222 1984 deprauationem

440 2001 683 2043 existimare
697 2001 990 2053 prohibemur,
1008 2015 1108 2042 cum
1123 2002 1167 2042 in
1184 1999 1237 2042 W
1253 2002 1404 2043 eadem
1421 2014 1574 2042 manus
1590 2013 1739 2042 ueram
1763 1999 1993 2059 lectionem
2017 1996 2152 2038 caulo
2175 1995 2222 2036 in

441 2068 630 2120 margine
649 2067 878 2119 scripserit.
929 2067 1101 2119 Duplex
1119 2068 1251 2120 igitur
1268 2068 1398 2109 lectio
1417 2069 1584 2120 capulo.-
1602 2067 1737 2109 catulo
1766 2066 2012 2117 archetypo,
2032 2061 2221 2106 Hersfel-

440 2134 560 2175 densi
582 2147 679 2175 meo
699 2133 857 2175 iudicio
879 2134 1141 2175 uindicanda
1163 2141 1242 2184 est,
1264 2131 1518 2186 praesertim
1534 2147 1634 2175 cum
1649 2133 1801 2174 eadem
1816 2129 2011 2172 confusio
2025 2129 2137 2182 inter
2150 2127 2223 2168 lit-

439 2208 552 2241 teras
570 2207 598 2252 p
617 2207 660 2242 et
677 2206 692 2241 t
708 2201 753 2240 in
774 2201 968 2253 Agricola
986 2200 1142 2241 Aesino
1161 2201 1422 2242 uideatur.¹¹²

521 2309 565 2332 ¹⁰⁸
577 2309 651 2344 Viri
667 2309 764 2344 docti
781 2309 819 2344 in
836 2309 977 2344 nomine
992 2310 1131 2352 Aeficio,
1146 2321 1176 2344 c.
1193 2311 1214 2344 3
1231 2308 1279 2353 (p.
1302 2310 1376 2353 102,
1399 2307 1453 2351 14)
1472 2310 1555 2344 olim
1573 2309 1776 2352 haerebant,
1795 2312 1904 2350 atque
1920 2309 2096 2341 meeum
2113 2312 2224 2339 ums

433 2364 695 2400 emendationes
714 2364 968 2407 proponebant.
1014 2365 1317 2400 Reifferscheidius
1337 2365 1445 2400 etiam
1466 2357 1575 2408 Eficio
1595 2375 1696 2399 cruce
1714 2362 1868 2406 praefixa
1886 2360 2009 2403 edidit,
2028 2362 2221 2403 posteaque

434 2421 500 2455 hoc
512 2419 653 2454 nomine
665 2431 685 2454 e
697 2419 810 2454 titulis
822 2431 845 2454 a
858 2420 972 2454 Keilio
983 2418 1064 2461 (Rh.
1078 2421 1174 2455 Mus.
1187 2421 1276 2455 XVI
1299 2420 1409 2463 [1861]
1422 2432 1457 2464 p.
1471 2420 1538 2454 290
1550 2417 1616 2463 sq.)
1630 2419 1767 2462 prolato
1779 2427 1929 2453 errorem
1940 2414 2085 2458 agnouit
2094 2410 2223 2455 (18⁷7).

433 2475 521 2518 Quis
534 2479 654 2510 autem
667 2475 734 2509 scit
747 2486 832 2510 num
846 2474 942 2510 tituli
955 2486 1083 2510 nomen
1097 2476 1290 2510 Bursenum
1303 2476 1386 2510 olim
1399 2487 1470 2510 non
1484 2474 1722 2510 confirmaturi
1735 2473 1827 2508 sint?

523 2530 567 2552 ¹⁰⁷
580 2530 732 2564 Romano
745 2530 951 2573 plerumque
965 2530 1208 2573 compendiose
1213 2543 1222 2573 ς
1237 2530 1319 2566 uide
1333 2542 1438 2574 supra
1452 2542 1488 2574 p.
1503 2531 1559 2566 49.

523 2586 565 2608 ¹⁰⁸
578 2585 829 2620 Hersfeldensis
841 2585 946 2620 lectio
959 2585 1025 2620 hoc
1038 2585 1114 2620 loco
1128 2586 1186 2621 uix
1199 2586 1336 2622 restitui
1349 2591 1477 2631 potest.
1514 2586 1579 2621 Est
1592 2585 1700 2620 etiam
1713 2583 1887 2628 quaedam
1898 2579 2057 2617 lectionis
2069 2578 2223 2615 uarietas

434 2641 471 2676 in
485 2640 557 2676 sola
569 2640 702 2675 familia
713 2639 741 2675 Y
750 2640 916 2683 exhibita,
927 2652 1034 2683 quam
1043 2641 1134 2675 infra
1143 2652 1178 2685 p.
1189 2641 1233 2676 95
1243 2652 1296 2685 ες.
1306 2642 1464 2677 ostendo.
1497 2641 1596 2676 Nihil
1605 2640 1730 2675 melius
1739 2649 1847 2683 quam
1855 2636 1971 2681 Toupi
1982 2634 2170 2678 (Emmaus.
2183 2633 2224 2668 in

435 2696 533 2731 Suid.
553 2695 662 2730 Curae
687 2695 905 2730 Nouissime
924 2694 1034 2737 [1780]
1051 2707 1086 2738 p.
1105 2694 1220 2738 266-7)
1240 2697 1475 2732 coniecturam
1489 2699 1598 2732 Πανὸς
1615 2698 1909 2737 ἀγάπημα,ῳιαω
1920 2687 2223 2727 Reifferscheidius

433 2762 514 2786 cum
535 2751 710 2786 nonnullis
732 2750 988 2793 antiquioribus
1011 2750 1132 2794 edidit,
1147 2752 1241 2786 noui.
1287 2752 1439 2786 Rothius
1463 2748 1819 2794 Baumgarten-Crusi
1841 2747 2077 2786 coniecturam
2102 2743 2220 2779 Panos

436 2817 573 2849 agasma
604 2803 843 2846 (ArACMA)
866 2805 1002 2840 ma1uit.
1050 2806 1090 2840 C.
1110 2807 1131 2840 9
1158 2806 1209 2849 (p.
1234 2805 1307 2849 107,
1329 2805 1370 2848 3)
1393 2805 1437 2841 w
1458 2819 1480 2842 a
1501 2806 1624 2842 ceteris
1644 2804 1820 2841 codicibus
1841 2802 2022 2848 discedens
2041 2798 2223 2843 periculosos

433 2861 612 2904 (perialego
633 2861 754 2895 sedidit
774 2861 812 2895 in
832 2861 1014 2904 perialegos
1036 2861 1138 2895 edidit
1159 2873 1245 2896 corr.
1268 2860 1352 2903 m.2)
1375 2873 1446 2897 non
1467 2862 1652 2905 perialogos
1672 2859 1837 2895 ostendit.
1882 2856 1999 2900 Toupi
2020 2853 2221 2891 coniectura

437 2919 620 2958 περιαλγής
635 2911 949 2951 aReifferscheidio
970 2921 1131 2959 suscepta
1151 2916 1237 2951 mihi
1256 2928 1326 2951 non
1346 2918 1472 2960 placet.
1518 2918 1646 2951 Nonne
1666 2914 1793 2950 codicis
1813 2911 1857 2947 W
1877 2912 1981 2948 lectio
2001 2912 2077 2952 περὶ
2101 2911 2223 2949 &Nym

438 2972 591 3007 indicare
605 2971 766 3006 uidetur?

526 3028 565 3049 ¹⁰⁹
577 3026 664 3061 Vide
679 3037 784 3069 supra
797 3037 833 3069 p.
850 3026 905 3060 54.

527 3083 565 3104 ¹¹⁰
572 3082 730 3116 Zeicschr.
737 3081 769 3124 s.
786 3081 1078 3116 Alterthumswiss.
1098 3082 1193 3116 Neue
1206 3083 1304 3125 Folge
1316 3083 1393 3116 IIII
1405 3080 1519 3124 (1846)
1533 3093 1568 3125 p.
1583 3082 1638 3116 42.
1669 3081 1713 3115 In
1726 3079 1880 3115 eiusdem
1895 3075 2124 3119 Ausgewdhlle
2135 3072 2223 3116 Auf-

439 3142 526 3172 satze
536 3134 651 3178 (1864)
664 3148 700 3180 p.
714 3135 791 3172 377.

527 3194 564 3214 ¹¹¹
578 3193 661 3235 Agr.
675 3192 728 3234 30,
746 3192 783 3225 11
799 3190 838 3232 (f.
857 3183 933 3234 60¹²,
947 3186 994 3232 2')
1009 3191 1045 3225 in
1059 3196 1223 3226 contextu
1237 3197 1396 3235 contactu,
1410 3193 1446 3227 in
1458 3192 1612 3235 margine
1626 3194 1797 3233 conpactu.
