2340 3840
394 366 438 400 60
726 366 794 399 DE
810 365 1103 400 FRAGMENTI
1119 365 1415 401 SVETONIANI
1430 367 1498 401 DE
1515 366 1860 402 GRAMMATICIS
2107 369 2184 411 1560

482 477 578 518 Hoc
603 477 793 530 primum
819 477 1142 518 admonendum
1170 477 1275 533 mihi
1301 477 1488 529 uidetur,
1517 492 1570 519 ne
1597 478 1776 521 nimiam
1803 479 2047 521 bonitatem
2072 479 2184 522 libro

399 543 691 585 Hersfeldensi
717 543 1024 594 attribuamus,
1053 556 1161 584 neue
1188 543 1324 586 bonas
1350 543 1569 595 lectiones,
1597 544 1731 586 etiam
1757 545 1793 586 si
1819 545 1863 586 in
1890 545 2184 598 compluribus

399 609 618 651 codicibus
645 609 938 660 inueniuntur,
967 609 1066 650 huic
1097 610 1334 662 archetypo
1364 622 1532 663 semper
1563 610 1845 652 uindicandas
1877 611 2182 655 existimemus.

400 677 516 717 Nam
541 676 946 728 quomodocumque
979 676 1031 717 de
1064 676 1280 728 opusculis
1303 676 1492 719 Taciteis
1524 676 1833 728 iudicaueris,⁸⁵
1868 677 1984 730 quod
2018 678 2075 720 ad
2108 691 2184 721 no-

398 750 538 785 strum
565 742 760 784 libellum
791 743 1105 785 Suetonianum
1145 743 1348 796 pertinet,
1389 744 1477 786 iam
1519 750 1615 786 tum
1655 756 1755 786 cum
1797 745 1984 787 Romam
2024 745 2185 789 relatus

397 816 463 852 est
500 821 588 851 non
625 809 766 851 solum
802 809 1081 862 imperfectus
1118 816 1225 861 erat,
1266 809 1426 863 quippe
1463 809 1532 852 cui
1569 810 1770 852 undecim
1807 810 2030 853 rhetorum
2067 811 2187 855 uitae

397 875 644 926 deficerent,
675 875 752 917 sed
782 875 916 917 etiam
947 875 1192 927 mendosus,
1224 882 1275 918 ut
1305 875 1439 919 uerba
1468 876 1514 918 in
1547 876 1767 931 Ciceronis
1796 875 1993 930 epistulis
2021 874 2079 929 (c.
2114 875 2183 930 14)

397 942 570 993 omissa,
603 941 873 995 corruptelae
903 941 950 983 in
981 949 1158 984 senatus
1190 942 1389 985 consulto
1420 949 1465 985 et
1497 955 1723 984 censorum
1755 943 1899 986 edicto
1928 941 1985 996 (c.
2020 941 2108 996 25),
2139 942 2187 987 in

398 1009 457 1051 eis
482 1021 593 1062 quae
615 1006 670 1060 (c.
697 1006 768 1060 29)
795 1007 1027 1050 Suetonius
1050 1022 1073 1051 e
1099 1008 1317 1051 Ciceronis
1339 1004 1477 1051 altera
1501 1009 1743 1063 Philippica
1765 1009 1944 1062 profert,
1969 1009 2186 1064 desperati

396 1075 459 1116 illi
477 1074 561 1117 loci
579 1086 616 1116 c.
637 1075 662 1116 3
682 1072 744 1128 (p.
770 1075 861 1126 102,
887 1073 1045 1126 14-15),
1066 1087 1102 1117 c.
1124 1076 1148 1117 5
1169 1073 1231 1128 (p.
1256 1076 1348 1127 104,
1373 1074 1458 1127 19),
1479 1088 1516 1117 c.
1539 1074 1561 1116 7
1581 1073 1643 1128 (p.
1669 1076 1760 1127 106,
1781 1073 1843 1127 6),
1863 1089 1900 1118 c.
1927 1076 1976 1118 13
1999 1073 2062 1129 (p.
2091 1070 2189 1128 110,

399 1139 487 1193 21),
522 1147 567 1184 et
598 1139 685 1183 alia
717 1140 940 1194 complura
973 1147 1205 1183 testantur.
1268 1142 1396 1194 Quid,
1432 1142 1550 1195 quod
1581 1142 1628 1184 in
1660 1141 1813 1195 exiguo
1845 1141 1919 1184 illo
1953 1142 2188 1202 Decemlgri

399 1206 663 1257 testimonio,
694 1212 780 1247 tres
809 1206 1064 1248 manifestae
1092 1207 1361 1260 corruptelae
1389 1207 1783 1260 deprehenduntur,
1814 1220 1925 1260 quae
1953 1207 1998 1248 in
2025 1206 2185 1250 nostris

398 1273 517 1314 libris
547 1273 616 1314 uel
644 1285 860 1326 nusquam
890 1273 959 1314 uel
986 1273 1169 1315 fortuito
1197 1273 1242 1314 in
1271 1287 1358 1315 uno
1387 1281 1431 1315 et
1459 1274 1596 1315 altero
1625 1273 1772 1315 codice
1801 1273 2019 1315 uidentur.
2078 1273 2128 1316 C.
2162 1275 2182 1316 l

398 1338 459 1392 (p.
487 1341 579 1390 100,
606 1336 646 1390 1)
680 1338 963 1380 Decembrius
985 1353 1057 1380 nee
1078 1340 1127 1381 in
1148 1354 1230 1381 usu
1251 1341 1415 1393 quidem
1437 1353 1516 1393 pro
1538 1354 1589 1381 ne
1610 1341 1658 1381 in
1680 1353 1762 1381 usu
1783 1340 1948 1393 quidem
1969 1339 2087 1394 legit,
2110 1340 2185 1382 sed

399 1406 444 1446 in
474 1405 632 1447 nostris
662 1404 782 1446 libris
813 1417 887 1446 nec
914 1405 960 1446 in
989 1405 1090 1447 solis
1121 1406 1358 1448 Bodleiano
1388 1403 1459 1458 (B)
1493 1413 1538 1448 et
1569 1406 1804 1448 Harleiano
1833 1403 1914 1457 (H)
1946 1405 2182 1448 inuenitur.

400 1471 571 1514 Nicolai
589 1471 732 1512 Nicoli
750 1472 1085 1513 commentarius
1104 1479 1252 1515 tamen
1270 1487 1321 1514 ne
1339 1473 1387 1514 in
1405 1487 1486 1515 usu
1505 1474 1668 1527 quidem
1688 1478 1890 1523 testatur,
1909 1472 1974 1514 ita
1992 1478 2042 1514 ut
2061 1472 2184 1515 dubi-

399 1537 484 1580 tari
501 1538 631 1580 liceat
650 1550 707 1579 an
727 1538 1010 1579 Decembrius
1030 1552 1181 1580 uerum
1202 1539 1514 1582 Hersieldensis
1534 1538 1834 1581 testimonium
1853 1538 2049 1580 hocloco
2067 1552 2185 1592 repe-

398 1604 530 1646 tierit.
582 1604 749 1646 Eodem
762 1604 858 1646 loco
873 1602 923 1655 (l.
935 1603 979 1655 2)
999 1606 1282 1647 Decembrius
1297 1607 1416 1648 rudis
1430 1606 1584 1648 scilicet
1599 1606 1779 1659 profert,
1795 1605 1872 1647 sed
1885 1605 1992 1647 illud
2006 1605 2126 1647 nullo
2140 1605 2186 1647 in

397 1670 509 1712 libro
527 1670 760 1724 superstite
780 1670 1051 1712 inuenitur.⁸⁶
1089 1671 1254 1714 Ultimo
1273 1680 1422 1715 autem
1440 1673 1486 1713 in
1504 1673 1646 1726 capite
1666 1669 1726 1725 (p.
1747 1670 1839 1722 127,
1856 1669 1900 1722 3)
1921 1672 2079 1725 Regum
2097 1684 2186 1713 non

397 1738 533 1790 legum
557 1736 662 1790 legit
687 1737 985 1789 Decembrius,
1012 1751 1145 1791 quam
1168 1739 1399 1781 lectionem
1424 1752 1535 1780 unus
1561 1739 1677 1780 solus
1701 1737 1848 1788 codex,
1881 1743 1926 1779 et
1956 1737 2027 1779 ille
2056 1737 2184 1792 longe

399 1803 593 1845 omnium
615 1803 841 1856 pessimus,
867 1804 1123 1846 Vrbinatem
1146 1802 1222 1857 (U)
1249 1805 1359 1857 dico,
1383 1805 1613 1848 exhibet.⁸⁷
1659 1806 1773 1847 Item
1796 1817 1832 1846 c.
1857 1805 1911 1846 30
1933 1801 1995 1858 (p.
2015 1802 2107 1855 127,
2131 1802 2180 1855 4)

400 1869 682 1911 Decembrius
702 1882 750 1911 ac
767 1870 978 1911 uindicem
998 1884 1086 1912 non
1104 1876 1140 1912 ei
1158 1873 1368 1913 uindicem
1388 1878 1590 1923 testatur,
1610 1884 1710 1913 cum
1727 1870 1835 1912 illud
1853 1870 1898 1911 in
1916 1870 2008 1912 solo
2027 1867 2081 1921 Ο,
2102 1871 2184 1912 hoc

397 1936 443 1977 in
459 1935 611 1978 ceteris
629 1936 831 1990 omnibus
847 1936 1109 1978 inueniatur.
1146 1938 1259 1980 Cum
1275 1945 1425 1980 autern
1441 1938 1640 1980 librarius
1659 1935 1697 1979 Ο
1716 1937 1886 1990 saepius
1903 1942 1958 1989 et,
1970 1949 2031 1988 ac,
2049 1941 2183 1991 atque,

398 2002 512 2045 inter
529 2016 573 2044 se
590 2003 848 2054 confuderit,
865 2003 1132 2056 probabilius
1156 2004 1264 2046 mihi
1286 2005 1460 2047 uidetur
1477 2005 1546 2047 hic
1564 2018 1736 2058 quoque
1753 2010 1797 2046 et
1815 2002 2123 2045 Decembrium
2139 2010 2184 2045 et

396 2069 621 2110 librarium
642 2066 680 2110 Ο
702 2069 758 2110 ob
779 2069 979 2111 uoculam
1000 2084 1047 2111 ac
1066 2068 1301 2122 (libertatis)
1323 2072 1654 2125 praecedentem
1674 2069 1893 2112 errauisse.
1935 2069 2184 2120 Dolendum

395 2135 528 2188 igitur
551 2142 617 2177 est
642 2135 849 2177 maiorem
872 2136 1003 2178 fidem
1027 2137 1288 2180 Decembrio
1312 2138 1416 2180 testi
1438 2137 1589 2180 haberi
1611 2150 1698 2179 non
1721 2150 1860 2190 posse,
1885 2135 1961 2178 sed
1985 2135 2067 2177 hoc
2089 2148 2184 2189 per-

397 2215 574 2243 suasum
604 2202 743 2243 habeo
773 2202 1087 2244 Hersfeldensis
1115 2203 1215 2245 libri
1243 2205 1508 2258 corruptelas
1538 2217 1625 2246 non
1654 2203 1785 2245 semel
1815 2209 1991 2244 tantum
2017 2201 2064 2244 in
2092 2201 2185 2244 eius

395 2268 668 2321 apographis,
679 2269 909 2321 praecipue
925 2269 969 2310 in
985 2271 1234 2323 apographo
1246 2267 1294 2322 Y,
1307 2271 1427 2312 cuius
1442 2270 1640 2312 librarius
1657 2269 1822 2311 doctior
1839 2281 1971 2321 quam
1985 2267 2185 2309 librarius

398 2331 433 2374 X
451 2334 581 2375 fuisse
599 2334 786 2385 uidetur,
806 2341 982 2376 sanatas
1001 2350 1104 2377 esse.

479 2401 546 2442 De
566 2400 873 2452 opusculorum
892 2402 1169 2446 Taciteorum
1189 2409 1233 2445 et
1254 2404 1431 2445 Suetoni
1450 2403 1683 2460 fragmenti
1702 2400 1983 2454 dispositione
2002 2401 2184 2442 Decem-

396 2467 462 2507 bri
480 2466 780 2508 testimonium
798 2474 842 2508 et
862 2467 1031 2509 Nicolai
1050 2469 1192 2510 Nicoli
1209 2470 1543 2511 commentarius
1562 2469 1674 2510 inter
1692 2482 1737 2510 se
1755 2466 2047 2517 consentiunt,
2066 2466 2184 2508 hunc

396 2533 592 2574 ordinem
610 2539 841 2575 testantes:
870 2533 1151 2586 Germaniam,
1173 2536 1425 2589 Agricolam,
1447 2537 1686 2589 Dialogum,
1708 2533 1886 2576 Suetoni
1902 2533 1951 2574 de
1968 2534 2185 2576 Gramma·

395 2599 490 2640 tieis
507 2604 545 2640 et
566 2598 822 2640 Rhetoribus.
870 2600 1079 2652 Agricola,
1099 2607 1148 2642 ut
1167 2602 1272 2643 satis
1291 2609 1478 2654 constat,
1496 2603 1629 2655 paulo
1645 2606 1882 2654 postquam
1899 2597 2184 2641 Decembrius

398 2665 745 2706 Hersfeldensem
764 2666 955 2707 codicem
975 2667 1086 2708 uidit
1105 2680 1132 2708 a
1151 2668 1302 2709 ceteris
1321 2669 1538 2721 opusculis
1558 2668 1715 2709 recisus
1735 2673 1814 2717 est,
1834 2678 1974 2717 neque
1992 2664 2036 2706 in
2055 2664 2185 2706 alter-

398 2738 496 2773 utro
513 2731 764 2784 apographo
785 2729 820 2773 X
838 2729 873 2773 Y
888 2732 1032 2774 locum
1050 2733 1254 2776 obtinuit.
1302 2736 1422 2776 Inter
1439 2748 1586 2776 omnes
1604 2735 1735 2775 libros
1754 2733 1828 2786 qui
1854 2738 2046 2773 aetatem
2073 2731 2182 2772 tule-

397 2804 498 2839 runt
521 2795 573 2838 W
588 2798 703 2838 solus
725 2797 808 2839 tria
829 2799 1035 2850 opuscula
1051 2801 1332 2852 Germaniam,
1353 2803 1591 2854 Dialogum,
1610 2799 1788 2842 Suetoni
1809 2797 2009 2850 reliquias
2030 2796 2183 2838 eodem

398 2864 546 2904 ordine
575 2871 802 2905 conseruat
832 2878 960 2916 quem
988 2865 1032 2906 in
1062 2866 1354 2908 Hersfeldensi
1383 2868 1528 2908 codice
1557 2866 1828 2908 obtinebant.
1887 2865 1939 2904 In
1970 2860 2008 2904 Ο
2037 2869 2186 2904 autem

486 2984 515 3006 ⁸⁸
528 2983 778 3018 Gudemannus
793 2982 842 3027 (p.
865 2982 941 3026 115)
962 2985 1099 3028 Dialogi
1118 2990 1263 3029 textum,
1283 2998 1498 3030 quamquam
1517 2987 1770 3030 imperfectum,
1791 2983 1886 3019 haud
1904 2983 1956 3018 ita
1974 2981 2181 3018 mendosum

397 3038 577 3128 ἰυὼῗυῐῗ
586 3094 704 3129 codice
722 3107 747 3134 ’γ
765 3095 860 3129 rudis
881 3094 1016 3137 (scilicet
1034 3094 1148 3137 omis.)
1169 3097 1305 3132 stetisse
1323 3098 1463 3133 uidetur
1483 3097 1573 3139 (sic
1564 3109 1601 3132 m
1619 3095 1660 3131 M
1682 3094 1714 3130 K
1734 3094 1760 3130 C
1779 3093 1833 3136 1³).
1871 3094 1916 3128 In
1933 3092 2056 3128 ceteris
2082 3091 2188 3127 huius

399 3147 518 3192 stirpis
532 3148 629 3184 libris
642 3149 738 3183 rudis
752 3148 789 3184 in
803 3149 882 3183 rudi
895 3155 1089 3185 correctum
1104 3156 1168 3186 aet.

490 3204 516 3227 ⁸⁷
529 3204 648 3239 Lectio
661 3204 788 3247 duplex
800 3204 836 3238 in
849 3205 1083 3240 Hersfeldensi
1096 3206 1213 3241 codice
1226 3207 1331 3242 fuisse
1343 3207 1428 3242 mihi
1442 3208 1591 3242 uidetur.
1638 3206 1726 3241 Vide
1738 3205 1828 3239 infra
1841 3215 1875 3247 p.
1892 3203 1967 3238 166.
