2340 3840
1073 873 1215 915 VITA
1246 872 1540 917 AVCTORIS

504 977 648 1018 Natus
684 988 780 1016 sum
819 974 1002 1026 Rodney
1039 975 1188 1014 Potter
1225 973 1448 1014 Robinson
1484 972 1627 1013 idibus
1666 972 1840 1013 Martiis
1876 985 1991 1014 anno
2028 971 2204 1015 Domini

419 1043 554 1084 nostri
583 1043 688 1083 1890
713 1042 758 1082 in
785 1041 890 1082 urbe
916 1040 977 1081 rei
1002 1036 1200 1092 publicae
1226 1039 1445 1080 Iowiensis
1472 1038 1540 1079 cui
1567 1045 1632 1079 est
1659 1051 1816 1079 nomen
1845 1038 2025 1080 Council
2050 1037 2202 1080 Bluffs.

422 1110 533 1152 Cum
559 1108 800 1150 studiorum
825 1120 973 1148 cursus
999 1107 1072 1158 qui
1097 1106 1142 1147 in
1166 1106 1278 1146 ludis
1302 1105 1485 1158 publicis
1511 1105 1660 1157 oppidi
1683 1104 1728 1145 in
1753 1104 1906 1146 eadem
1930 1104 2109 1146 ciuitate
2134 1103 2206 1148 siti

418 1175 534 1228 quod
575 1180 735 1216 uocant
775 1173 941 1214 Harlan
981 1172 1375 1225 praescriberentur
1416 1171 1497 1212 rite
1537 1171 1824 1223 perfecissem,
1868 1171 2205 1213 Vniuersitatem

415 1241 783 1294 Epworthianam,
814 1253 925 1292 quae
951 1245 1046 1280 erat
1072 1239 1117 1279 in
1144 1238 1388 1280 Oklahoma
1419 1238 1535 1290 City,
1563 1237 1682 1289 petii,
1712 1237 1787 1278 ubi
1815 1243 1902 1278 tres
1929 1250 2064 1278 annos
2090 1250 2206 1279 com·

416 1314 608 1349 moratus
638 1320 747 1348 sum.
811 1306 979 1347 Deinde
1010 1319 1124 1346 anno
1158 1306 1263 1346 1909
1293 1305 1350 1346 ad
1381 1304 1720 1346 Vniuersitatem
1751 1303 2103 1345 Missouriensem
2136 1317 2205 1346 me

417 1374 591 1424 contuli,
630 1374 744 1414 unde
781 1372 985 1425 gradibus
1021 1371 1195 1413 honoris
1231 1371 1467 1412 academici
1504 1370 1578 1422 qui
1614 1370 1783 1411 Artium
1819 1370 2124 1421 Baccalaureus
2159 1376 2205 1412 et

416 1442 584 1482 Artium
621 1440 824 1492 Magister
862 1445 1075 1479 uocantur
1110 1437 1273 1478 meritis
1308 1443 1409 1489 post
1445 1436 1631 1478 alterum
1666 1449 1831 1477 annum
1866 1449 2059 1488 egressus
2093 1449 2203 1478 sum.

419 1509 499 1548 Per
526 1519 663 1547 annos
691 1505 968 1546 scholasticos
999 1505 1187 1545 1911—14
1213 1503 1405 1556 linguam
1433 1503 1636 1543 Latinam
1662 1502 1708 1543 in
1734 1502 1847 1543 ludis
1873 1502 2056 1554 publicis
2083 1502 2204 1555 oppi-

416 1574 569 1615 dorum
600 1572 839 1624 Lexington
871 1571 932 1612 rei
962 1570 1161 1622 publicae
1196 1569 1515 1610 Missouriensis
1547 1575 1592 1610 et
1623 1569 1884 1610 Anacondae
1915 1569 1975 1609 rei
2005 1568 2203 1620 publicae

418 1640 659 1680 Montanae
678 1637 816 1679 docui.
865 1638 992 1678 Anno
1014 1638 1120 1677 1914
1139 1636 1278 1677 socius
1298 1635 1603 1677 Vniuersitatis
1625 1635 1942 1676 Missouriensis
1961 1635 2206 1687 adscriptus

417 1706 474 1747 ad
495 1705 639 1746 studia
660 1704 916 1757 philologica
937 1704 1095 1744 iterum
1118 1716 1186 1744 me
1208 1702 1385 1752 contuli,
1410 1715 1520 1754 quae
1542 1702 1675 1743 etiam
1695 1713 1772 1753 per
1792 1714 1928 1742 annos
1953 1700 2137 1742 1915-17
2159 1701 2205 1742 in

418 1771 708 1814 Vniuersitate
737 1770 970 1811 Illinoiensi
997 1775 1247 1821 persecutus
1275 1781 1384 1810 sum.
1444 1769 1540 1819 Qua
1567 1768 1612 1808 in
1640 1767 1922 1809 uniuersitate
1950 1781 2038 1809 non
2064 1766 2204 1809 solum

420 1838 643 1890 disciplina
669 1837 858 1878 uirorum
885 1836 1230 1877 doctissimorum
1254 1835 1422 1876 fructus
1447 1848 1543 1876 sum
1568 1834 1643 1876 sed
1668 1833 1801 1875 etiam
1824 1834 1991 1875 litteras
2018 1833 2204 1876 Graecas

418 1911 462 1946 et
482 1904 660 1945 Latinas
683 1903 820 1944 docui.
875 1903 986 1944 Cum
1008 1915 1122 1943 anno
1146 1900 1248 1942 1917
1271 1901 1413 1953 patria
1435 1907 1583 1942 nostra
1604 1900 1764 1941 bellum
1785 1900 2020 1950 indixisset,
2043 1913 2202 1942 nomen

417 1971 514 2012 dedi
542 1977 586 2011 et
611 1982 687 2022 per
714 1971 822 2010 duos
848 1970 935 2010 fere
962 1982 1098 2010 annos
1124 1969 1169 2009 in
1198 1967 1337 2009 Gallia
1365 1974 1561 2008 uersatus
1589 1980 1697 2008 sum.
1756 1966 1875 2008 Bello
1902 1972 2051 2008 autem
2077 1966 2202 2008 finito

420 2038 591 2078 Parisiis
612 2037 726 2077 uiros
746 2036 931 2076 illustres
951 2036 996 2075 in
1017 2035 1131 2076 clara
1151 2034 1222 2075 illa
1244 2034 1343 2075 sede
1363 2034 1606 2085 litterarum
1625 2033 1877 2086 profitentes
1896 2045 1973 2085 per
1993 2038 2203 2085 quattuor

418 2117 584 2144 menses
602 2103 751 2144 audire
771 2102 875 2143 mihi
894 2101 1088 2154 contigit.
1139 2102 1363 2142 Postremo
1383 2106 1585 2153 uergente
1604 2113 1719 2141 anno
1741 2101 1846 2140 1919
1864 2099 1922 2140 ad
1940 2098 2203 2155 Vniuersita-

417 2178 504 2211 tem
528 2169 814 2210 Illinoiensem
838 2169 894 2209 ad
918 2181 1108 2209 summos
1130 2168 1175 2208 in
1206 2167 1478 2219 philosophia
1507 2167 1690 2207 honores
1719 2166 1800 2207 rite
1831 2165 2112 2218 capessendos
2140 2179 2203 2207 re-

416 2236 539 2278 uerti.
594 2236 667 2276 Eis
683 2234 884 2276 omnibus
901 2235 974 2286 qui
990 2247 1060 2275 me
1084 2234 1324 2275 docuerunt
1347 2233 1557 2285 aliterque
1579 2232 1798 2274 laboribus
1822 2232 1927 2273 meis
1949 2232 2062 2274 fauti
2085 2238 2202 2283 sunt,

421 2303 495 2344 sed
526 2302 735 2354 imprimis
769 2301 998 2343 Guilielmo
1029 2300 1199 2341 Abbott
1231 2299 1459 2341 Oldfather
1489 2305 1534 2340 et
1564 2299 1754 2340 Arthuro
1787 2298 1964 2351 Stanley
1994 2299 2127 2340 Pease
2156 2298 2202 2340 in

417 2368 709 2410 Vniuersitate
741 2367 976 2408 Illinoiensi
1007 2366 1326 2419 profitentibus,
1361 2379 1438 2407 nec
1471 2379 1558 2406 non
1592 2366 1711 2406 Euae
1743 2365 1959 2418 Johnston
1991 2370 2036 2406 et
2070 2364 2201 2406 Gual-

416 2435 538 2476 thero
569 2434 724 2485 Miller,
757 2447 940 2486 quorum
973 2433 1204 2485 disciplinis
1228 2432 1531 2474 Vniuersitatis
1556 2431 1871 2472 Missouriensis
1894 2431 2036 2472 adhuc
2058 2430 2196 2472 alum-

415 2514 496 2542 nus
510 2501 676 2542 fructus
692 2513 801 2551 sum,
819 2500 978 2552 gratias
995 2500 1202 2540 maximas
1218 2512 1311 2552 ago.
