2340 3840
440 406 484 440 86
771 406 839 439 DE
856 406 1148 441 FRAGMENTI
1164 406 1459 442 SVE'PONIANI
1474 407 1542 442 DE
1559 407 1903 444 GRAMMATICIS
2149 409 2228 452 1586

441 517 667 558 lectionem
688 519 779 558 eius
801 518 933 570 partis
955 530 1101 560 mores:
1123 523 1349 570 caspartes
1371 524 1490 571 atque
1511 519 1555 560 in
1577 519 1869 562 Hersfeldensi
1888 521 1998 562 libro
2017 521 2224 574 ponas,¹⁸⁸

441 596 708 636 quamquam
727 583 879 636 prioris
898 584 1092 625 lectionis
1113 584 1230 637 origo
1249 597 1337 626 non
1355 584 1506 638 liquet.

525 650 573 690 C.
594 651 659 700 24,
676 663 719 702 p.
742 650 832 701 119,
851 651 876 690 6
894 647 932 691 Ο
951 647 1003 691 W
1020 657 1186 703 perraro
1202 652 1332 692 unius
1349 657 1486 704 pauca
1502 658 1720 693 testantur
1727 666 1736 703 ;
1754 649 1795 693 N
1814 649 1852 693 G
1867 649 1888 694 1
1906 650 1945 693 D
1963 650 1998 694 V
2011 650 2043 694 L
2058 660 2224 706 perraro

438 714 547 765 (raro
568 713 602 765 1)
625 717 767 757 nimis.
814 717 960 757 Pauca
973 715 1108 767 (nulla
1124 723 1188 758 est
1211 717 1499 758 distinctionis
1521 717 1690 771 signum
1711 718 1756 759 in
1776 715 1796 759 I
1816 718 1891 760 sed
1909 719 2058 761 Pauca
2077 719 2225 763 littera

440 781 677 824 maiuscula
694 782 864 835 incipit3
883 783 929 823 in
948 780 980 824 L
998 776 1174 836 pauca);
1194 783 1324 825 ceteri
1342 790 1509 836 perraro
1528 784 1658 825 nimi-s
1677 782 1838 835 (minus
1858 781 1891 826 C
1909 783 1961 836 Δ)
1983 791 2122 839 pauca
2138 784 2224 838 (ni-

439 849 520 888 mis
539 848 676 900 pauca
696 862 780 889 om.
803 846 855 899 U)
877 850 967 890 sine
988 849 1277 890 distinctionis
1297 849 1430 903 signo.
1481 850 1550 891 Sic
1569 850 1699 903 uulgo
1718 851 1880 892 editur:
1898 852 2021 905 idque
2039 858 2220 904 perraro.

449 914 594 955 Nimis
607 921 742 967 pauca
770 946 779 956 .
810 946 819 956 .
849 946 858 956 .
917 915 1059 956 Ihmio
1077 916 1287 957 assentior
1303 917 1433 957 nimis
1451 923 1588 968 pauca
1605 921 1644 966 et
1661 918 1811 969 exigua
1828 917 2064 969 abundare,
2082 930 2223 972 neque

440 981 609 1022 credere
624 993 801 1033 possum
819 982 1074 1023 Suetonium
1095 982 1176 1023 hoc
1198 982 1427 1034 scripsisse.
1479 982 1644 1023 Ihmius
1666 982 1778 1024 hanc
1799 983 2046 1035 opinionem
2066 984 2220 1026 adum·

440 1046 604 1098 brat‚¹⁵⁹
617 1047 784 1089 codices
801 1045 839 1088 Ο
856 1045 908 1088 W
924 1048 1142 1089 meliorem
1157 1048 1438 1089 traditionem
1452 1049 1656 1100 praebere
1671 1055 1803 1101 atque
1818 1049 2010 1101 aliquam
2023 1050 2223 1093 altiorem

439 1113 728 1166 corruptelam
755 1112 975 1164 (lacunam
1003 1112 1203 1165 fortasse)
1235 1114 1304 1155 hic
1332 1115 1478 1156 latere.
1536 1116 1675 1166 Quem
1704 1116 1756 1157 de
1785 1115 1958 1158 meliore
1985 1115 2170 1159 lectione
2195 1129 2224 1159 a

438 1179 603 1221 familia
631 1177 666 1220 X
692 1180 856 1221 tradita
882 1193 981 1222 uere
1006 1180 1230 1231 iudicasse,
1258 1181 1519 1234 grauitatem
1545 1188 1694 1223 tamen
1719 1182 1988 1234 corruptelae
2012 1182 2059 1224 in
2083 1181 2223 1234 maius

438 1245 667 1287 credidisse
684 1246 1025 1288 Aistermanni¹⁶⁰
1041 1247 1261 1299 praeclara
1278 1247 1524 1288 coniectura
1551 1248 1686 1288 Viuus
1702 1247 1948 1300 persuadet.

522 1316 678 1357 Vtrum
698 1329 732 1356 c.
754 1317 778 1357 3
796 1315 854 1368 (p.
878 1317 970 1367 101,
993 1315 1058 1366 17)
1079 1318 1281 1358 metellum
1303 1316 1350 1342 ¹⁶¹
1367 1315 1450 1366 (M.
1472 1318 1686 1358 Metellum
1703 1316 1746 1367 ω)
1768 1324 1812 1358 et
1830 1331 1865 1359 c.
1888 1319 1939 1359 23
1954 1316 2016 1370 (p.
2039 1319 2132 1370 116,
2151 1317 2222 1370 22)

437 1386 691 1427 uicetinus¹⁶²
714 1384 983 1436 (Vicentinus
1007 1385 1050 1437 ω)
1079 1388 1123 1427 in
1147 1384 1198 1427 W
1221 1387 1326 1428 sorti
1343 1387 1581 1428 debeantur
1597 1400 1653 1428 an
1669 1388 1725 1447 ad
1740 1387 1975 1429 lectionum
1990 1387 2224 1431 uarietates

438 1455 482 1496 in
503 1455 794 1497 Hersfeldensi
814 1456 1035 1497 referenda
1054 1457 1142 1498 sint
1162 1452 1248 1497 non
1268 1457 1417 1509 liquet.
1468 1457 1535 1498 Ad
1556 1470 1591 1498 c.
1613 1458 1631 1498 1
1648 1456 1707 1509 (p.
1728 1457 1819 1508 100,
1839 1455 1903 1508 121)
1921 1457 2011 1500 iure
2030 1457 2224 1500 animad-

439 1525 571 1566 uertit
596 1524 762 1566 Ihmius
786 1526 834 1567 de
860 1527 1057 1579 augurali
1070 1527 1299 1579 disciplina
1312 1527 1356 1567 in
1374 1523 1409 1567 X
1422 1525 1483 1578 (=
1508 1523 1545 1568 U
1557 1525 1605 1578 Δ)
1623 1540 1709 1568 non
1725 1527 1981 1569 deteriorem
1993 1527 2223 1570 lectionem

440 1607 571 1647 quam
595 1595 643 1636 de
666 1597 905 1648 augurandi
927 1597 1157 1649 disciplina
1179 1596 1224 1637 in
1248 1593 1282 1637 Y
1303 1596 1521 1649 praebere.
1575 1597 1699 1638 Idem
1721 1597 1929 1638 iudicium
1950 1597 2224 1651 pronuntiari

437 1670 583 1716 potest
605 1678 640 1706 c.
665 1666 717 1708 25
736 1664 794 1718 (p.
819 1661 913 1717 ⁴119,
938 1665 1005 1717 12)
1029 1666 1081 1707 de
1102 1666 1244 1707 uerbis
1264 1678 1478 1708 censorum
1498 1667 1675 1708 edictum
1696 1666 1740 1707 in
1764 1663 1800 1708 X
1820 1673 1972 1708 contra
1991 1667 2223 1709 censorium

438 1735 614 1776 edictum
642 1735 686 1775 in
715 1735 879 1777 ceteris.
937 1736 990 1776 In
1017 1735 1295 1788 inscriptione
1323 1736 1456 1777 etiam
1482 1736 1539 1778 ad
1569 1736 1754 1778 Gellium
1780 1737 1865 1778 XV
1895 1737 1942 1778 11
1972 1737 2072 1778 item
2097 1737 2223 1780 uerba

438 1805 561 1846 edicti
583 1818 796 1847 censorum
818 1805 1032 1858 leguntur.
1087 1806 1135 1848 C.
1160 1807 1216 1847 30
1237 1805 1295 1858 (p.
1323 1806 1414 1858 125,
1443 1804 1506 1856 17)
1531 1819 1669 1859 neque
1691 1819 1855 1847 exorare
1877 1806 1923 1847 in
1946 1803 1985 1847 Ο
2009 1803 2062 1848 W
2083 1819 2224 1865 neque

439 1880 612 1915 excitare
635 1875 680 1916 in
702 1871 737 1915 Y
758 1875 863 1916 satis
885 1875 1086 1917 idoneam
1107 1875 1369 1917 sententiam
1390 1876 1593 1928 praebere
1617 1875 1722 1916 mihi
1743 1876 1930 1926 uidetur,
1953 1875 2028 1917 sed
2049 1877 2223 1918 excitare

438 1945 768 1996 praeferendum
786 1952 910 1998 puto,
931 1959 1030 1986 cum
1049 1946 1094 1986 in
1113 1946 1326 1999 scriptura
1345 1946 1463 1987 haud
1481 1946 1587 1987 satis
1606 1945 1847 1998 composita
1865 1947 2038 1988 excitare
2056 1945 2223 1988 facilius

438 2013 482 2054 in
505 2027 669 2055 exorare
691 2015 908 2067 corrumpi
929 2015 1123 2067 potuerit
1146 2028 1279 2068 quam
1301 2028 1467 2057 exorare
1488 2015 1533 2056 in
1554 2016 1740 2057 excitare.
1793 2015 2043 2057 Dolendum
2063 2022 2130 2058 est
2153 2015 2223 2058 Ci-

439 2084 602 2125 ceronis
628 2084 858 2137 epistulam
883 2086 940 2126 ad
968 2086 1033 2126 M.
1062 2085 1289 2136 Titinium,
1316 2098 1448 2137 quam
1467 2085 1575 2127 citat
1595 2085 1823 2127 Suetonius
1842 2098 1878 2126 c.
1901 2086 1953 2126 26
1969 2083 2029 2138 (p.
2052 2085 2144 2138 123,
2164 2083 2222 2137 6),

437 2161 628 2195 aetatem
643 2167 730 2195 non
746 2155 907 2206 tulisse,
923 2168 1034 2207 quae
1051 2155 1305 2196 diiudicaret
1322 2162 1468 2196 utrum
1479 2154 1522 2205 (l.
1536 2152 1576 2205 8)
1590 2161 1627 2196 et
1641 2155 1685 2195 in
1702 2152 1739 2196 Ο
1754 2152 1807 2196 W
1821 2168 1879 2196 an
1892 2155 1999 2208 quod
2012 2154 2058 2196 in
2071 2155 2222 2197 ceteris

438 2236 539 2264 uera
555 2230 667 2265 esset
683 2225 907 2277 scriptura.
956 2226 1083 2266 Certe
1099 2231 1139 2266 et
1153 2225 1270 2266 haud
1296 2225 1480 2266 deterior
1504 2225 1631 2266 lectio
1657 2225 1842 2266 uidetur.
1889 2225 1938 2266 C.
1967 2224 2014 2266 11
2041 2223 2101 2277 (p.
2129 2225 2226 2276 109.

437 2291 505 2343 21)
532 2294 695 2334 abditus
719 2295 875 2335 modice
897 2298 1123 2347 gurgustio,
1150 2308 1261 2347 quae
1286 2292 1324 2335 Ο
1350 2292 1402 2335 W
1428 2301 1659 2345 testantur,
1685 2294 1873 2335 familiae
1898 2290 1933 2335 Y
1956 2294 2131 2335 lectioni
2153 2295 2222 2336 ab·

435 2363 549 2403 ditus
575 2364 733 2404 modico
757 2366 967 2416 gurgustio
991 2365 1286 2417 praetulerim;
1312 2377 1415 2405 nam
1441 2364 1545 2416 quid
1570 2364 1810 2405 sententiae
1836 2363 2003 2405 accedit
2028 2364 2064 2404 si
2089 2356 2220 2405 uerbo

433 2435 662 2485 gurgustio,
693 2434 808 2486 quod
836 2441 882 2475 et
907 2434 1049 2486 ipsum
1071 2448 1203 2487 genus
1225 2434 1507 2475 habitationis
1529 2440 1763 2486 angustum
1785 2439 1828 2474 et
1850 2433 2071 2474 sordidum
2092 2433 2220 2486 signi-

435 2501 549 2552 ficat,
573 2515 723 2543 uocem
746 2504 902 2544 modico
925 2504 1141 2544 addas?¹⁶³

519 2634 561 2655 ¹⁵⁸
575 2634 630 2668 Cf.
649 2635 842 2677 Agricolam
852 2635 1057 2670 Aesinumf.
1074 2627 1148 2678 63¹³,
1161 2635 1206 2669 24
1219 2634 1314 2678 (Agr.
1332 2646 1362 2670 c.
1373 2635 1427 2678 39,
1440 2633 1475 2676 2)
1489 2635 1526 2670 in
1544 2639 1658 2670 textu:
1675 2627 1986 2670 uterathnitiamcs
1994 2634 2222 2678 srontclaeuas

430 2692 557 2730 pectore
570 2690 705 2732 anxius,
720 2690 757 2724 in
769 2690 926 2733 margine
937 2690 1137 2725 —domiliano
1150 2691 1265 2725 moris.
1317 2690 1436 2725 Codex
1449 2690 1664 2726 Toletanus'
1654 2701 1691 2724 m
1705 2694 1808 2725 textu
1821 2694 1859 2724 ut
1871 2694 1941 2724 erat
1953 2689 2170 2733 domitiam,
2183 2689 2221 2724 in

431 2754 539 2786 marg.
565 2744 761 2780 Domitiano
782 2746 897 2780 moris.
944 2745 1063 2780 Codex
1085 2746 1166 2780 Vat.
1190 2746 1278 2780 3429
1298 2743 1357 2787 (A)
1381 2745 1418 2780 in
1434 2750 1520 2780 text.
1535 2749 1571 2780 ut
1587 2745 1782 2780 Domitiano
1798 2745 1900 2779 moris
1915 2749 1994 2787 erae,
2009 2744 2167 2787 inmarg.
2182 2734 2220 2778 ut

431 2803 500 2832 erat
512 2799 742 2835 Domitianus.
791 2800 910 2835 Codex
920 2801 1002 2836 Vat.
1013 2801 1102 2835 4498
1112 2798 1220 2842 (B)'1n
1232 2805 1317 2835 text.
1329 2805 1366 2834 ut
1379 2801 1599 2835 Domitianus
1610 2805 1690 2835 erat.

517 2854 559 2875 ¹⁶⁹
570 2854 610 2888 L.
627 2865 654 2889 c.
669 2866 705 2898 p.
722 2855 798 2890 552.

517 2909 559 2930 ¹⁰⁰
573 2911 625 2943 De
638 2910 693 2945 M.
715 2911 846 2946 Valerio
862 2912 968 2945 Probo
984 2912 1130 2954 Berytio,
1145 2912 1299 2953 Bonnae,
1316 2912 1411 2945 1910.

516 2965 526 2985 ¹
533 2965 558 2986 ⁶¹
570 2964 745 2999 Metellum
756 2966 922 3009 Rothius;
932 2967 972 3008 Q.
985 2967 1160 3000 Metellum
1171 2966 1282 3001 Aldus
1293 2970 1331 3000 et
1341 2966 1445 3008 uulgo
1457 2971 1541 3001 ante
1551 2965 1733 3000 Rothium.

517 3019 558 3040 ¹⁶²
577 3019 766 3054 Veicetinus
787 3021 910 3063 Aldus3
940 3022 1114 3056 Vicetinus
1134 3021 1293 3056 Vinetus.
1348 3021 1554 3056 Suetonium
1581 3021 1754 3056 Vicetinus
1774 3019 1950 3063 scripsisse
1969 3019 2107 3055 codice·
2134 3019 2219 3054 Hie·

427 3074 620 3116 ronymiani
634 3075 679 3109 ad
690 3076 743 3109 01.
757 3077 833 3118 206,
845 3077 868 3109 4
878 3077 1098 3119 persuadent.
1124 3077 1178 3110 Sic
1190 3076 1296 3111 etiam
1307 3076 1343 3110 in
1355 3077 1497 3119 optimis
1509 3076 1630 3110 titulis.
1664 3076 1750 3110 Vide
1761 3076 2034 3117 Mommsenum,
2046 3074 2112 3109 CJ
2114 3100 2122 3108 .
2129 3074 2167 3108 L.
2183 3075 2215 3109 V

429 3140 462 3171 p.
474 3129 550 3163 306.

516 3186 554 3206 ¹⁶³
570 3185 624 3218 Cf.
639 3185 733 3219 Caes.
746 3186 790 3219 46
803 3187 942 3220 modicis
954 3187 1103 3228 aedibus;
1120 3187 1209 3229 Aug.
1224 3185 1264 3220 72
1278 3187 1414 3220 aedibus
1426 3186 1565 3220 modicis
1585 3186 1834 3228 Hortensianis3
1866 3185 1937 3219 Tib.
1955 3185 1992 3219 11
2008 3185 2061 3219 hic
2073 3184 2212 3219 modicis

428 3244 595 3273 contentus
609 3241 743 3274 aedibus
749 3253 756 3282 ;
773 3242 861 3283 Aug.
876 3239 916 3274 73
930 3246 997 3275 loro
1026 3269 1032 3275 .
1067 3269 1073 3275 .
1107 3268 1115 3276 .
1144 3242 1265 3276 humili
1277 3245 1305 3275 el
1316 3242 1440 3275 modice
1452 3242 1601 3276 instrato.
