2340 3840
417 380 479 413 134
741 380 808 413 DE
826 379 1118 415 FRAGMENTI
1134 381 1429 416 SVETONIANI
1444 382 1512 416 DE
1529 382 1875 419 GRAMMATICIS
2124 384 2203 428 [6³4

414 487 454 540 3)
478 490 641 530 Atteius
660 502 739 542 pro
760 489 926 541 Aleia-53
947 503 982 531 c.
1008 491 1057 531 14
1074 488 1133 544 (p.
1158 492 1249 543 111,
1271 490 1310 543 8)
1332 494 1447 546 mag?
1463 490 1728 546 (=magister
1751 490 1805 544 Q)
1825 507 1903 547 pro
1923 495 2005 546 M„
2024 494 2083 548 (p.
2107 495 2200 548 111,

419 553 481 605 13)
505 555 652 596 obelixi
671 554 732 606 (=
748 552 801 606 Q)
823 568 902 608 pro
922 557 1081 608 obelizi;
1102 571 1138 599 c.
1164 556 1212 599 17
1232 556 1290 610 (p.
1317 559 1406 610 114,
1433 556 1468 609 1)
1490 559 1774 611 publicauerat
1791 573 1872 612 pro
1890 561 2140 614 publicarat;
2160 574 2198 604 c.

416 620 466 662 27
486 621 543 674 (p.
570 623 660 671 124,
682 619 722 672 3)
743 622 883 663 studia
901 636 981 675 pro
999 624 1202 676 studium;
1223 637 1259 665 c.
1281 626 1335 666 30
1352 623 1410 678 (p.
1437 626 1527 676 126,
1549 623 1589 676 5)
1609 626 1694 668 tam
1712 639 1797 667 non
1815 636 1896 680 pro
1914 631 2081 669 tantum
2099 641 2199 679 non,

412 697 470 740 (p.
496 689 586 738 126,
608 686 672 738 10)
686 687 969 741 optulisset(=
982 686 1035 740 G)
1050 700 1129 742 pro
1149 691 1368 733 obtulisset.
1421 692 1470 733 C.
1491 693 1545 733 30
1563 691 1621 745 (p.
1647 691 1737 743 127,
1759 690 1799 743 3)
1821 699 2074 746 corruptum
2092 692 2200 736 illud

412 753 596 807 yspeu¹⁸⁷
625 754 667 794 in
696 755 818 807 ipsea
846 756 1099 798 immutauit
1129 758 1366 808 Fontanus,
1397 757 1562 799 scilicet
1592 765 1642 800 ut
1670 759 1829 800 Latino
1858 759 1991 801 uerbo
2018 759 2199 802 similius

414 819 645 870 uideretur,
670 827 719 862 ut
742 828 807 863 est
830 822 1154 864 Reifferscheidi
1176 824 1333 876 opinio.
1388 824 1437 866 C.
1461 825 1514 865 28
1534 823 1593 877 (p.
1621 826 1712 877 124,
1739 823 1802 876 14)
1827 825 1980 867 dubito
2001 837 2059 867 an
2079 831 2196 868 recte

413 887 628 928 mdcino¹⁸⁸
648 887 836 929 Pontani
854 889 1126 931 coniecturae
1146 890 1397 932 attribuerit
1417 891 1623 932 Wissowa
1640 889 1700 945 (p.
1721 888 1842 942 XX).

495 953 715 995 Librarius
737 954 811 1007 qui
829 954 972 1008 ipsum
991 955 1245 997 Leidensem
1265 957 1462 999 exarauit
1479 957 1707 999 nonnullos
1728 971 1888 999 errores
1909 970 2017 1010 quos
2035 957 2081 999 in
2099 957 2200 1000 scri-

413 1019 555 1061 bendo
572 1021 746 1072 fecerat,
764 1021 833 1063 uel
850 1022 962 1064 inter
978 1022 1252 1064 scribendum
1268 1023 1337 1064 uel
1353 1023 1398 1064 in
1414 1023 1639 1076 relegendo
1656 1023 1857 1066 correxit:
1874 1036 1910 1065 c.
1927 1024 1955 1064 4
1968 1022 2029 1077 (p.
2049 1024 2142 1076 104,
2153 1020 2196 1075 9)

413 1091 578 1137 patrum
602 1089 730 1128 nr‘ora
752 1101 832 1140 pro
855 1093 1022 1141 patrum
1045 1088 1231 1141 scripsit,
1257 1089 1410 1131 deinde
1434 1093 1562 1131 nioru
1587 1097 1637 1131 ut
1661 1090 1892 1132 delendum
1913 1089 2071 1132 lineola
2093 1101 2198 1144 sup-

411 1151 555 1204 posita
576 1154 766 1205 notauit;
789 1167 824 1195 c.
848 1156 873 1195 6
893 1153 951 1207 (p.
979 1156 1069 1205 105,
1095 1153 1159 1206 10)
1181 1156 1287 1196 duas
1307 1156 1392 1197 Ζνῖς
1413 1157 1598 1209 scripsit,
1620 1156 1704 1198 lm
1725 1156 1881 1198 statim
1899 1155 2102 1209 perleuit;
2122 1156 2200 1198 c.9

411 1217 470 1270 (p.
501 1219 592 1270 106,
625 1217 689 1270 18)
720 1227 978 1273 peremptam
1006 1221 1208 1274 primitus
1230 1222 1415 1274 scripsit,
1442 1222 1594 1266 deinde
1622 1230 1692 1276 per
1716 1222 1887 1265 induxit
1907 1229 1952 1265 et
1969 1227 2047 1265 iter
2068 1234 2201 1276 supra

413 1297 584 1326 uersum
609 1286 792 1328 addidit.
858 1288 980 1328 Idem
1006 1288 1204 1329 librarius
1235 1295 1335 1340 post
1364 1289 1523 1330 librum
1555 1289 1765 1341 scriptum
1791 1288 2031 1330 miniatoris
2057 1287 2198 1332 officio

411 1350 587 1392 functus
617 1358 697 1403 est,
729 1365 839 1405 quae
861 1353 1007 1395 omnia
1035 1355 1356 1396 accuratissime
1383 1355 1427 1396 in
1457 1356 1824 1397 commentatione
1854 1367 1932 1396 sua
1958 1353 2019 1408 (p.
2041 1355 2198 1398 XXVI

411 1415 490 1469 sq.)
515 1418 740 1470 descripsit
765 1420 971 1473 Georgius
993 1419 1263 1462 Wissowa.¹⁸⁹

495 1484 737 1526 Nonnullas
763 1485 896 1527 etiam
923 1486 1190 1528 coniecturas
1216 1500 1295 1528 suo
1322 1488 1470 1529 Marte
1496 1488 1732 1541 temptauit
1757 1487 1956 1529 librarius
1981 1484 2027 1529 L.
2084 1487 2135 1530 C.
2176 1487 2197 1530 1

410 1548 468 1602 (p.
493 1550 583 1602 100,
603 1548 644 1601 8)
665 1559 914 1605 corruptam
931 1553 1161 1595 lectionem
1178 1553 1376 1595 codicum
1395 1551 1434 1594 D
1453 1552 1488 1595 V
1507 1551 1539 1595 L
1555 1554 1776 1608 propriam
1793 1554 2095 1608 preallegabant
2122 1553 2200 1597 tri-

411 1616 491 1657 bus
509 1618 683 1669 punctis
703 1618 938 1671 suppositis
957 1625 1007 1661 ut
1027 1619 1254 1661 delendam
1273 1619 1460 1672 notauit,
1480 1627 1614 1673 atque
1633 1634 1781 1662 ueram
1799 1620 1985 1662 formam
2014 1613 2197 1674 {legebat

410 1693 540 1735 supra
558 1696 729 1724 uersum
746 1685 955 1736 restituit3
973 1698 1010 1727 c.
1031 1687 1050 1726 1
1068 1684 1128 1738 (p.
1150 1687 1242 1738 100,
1262 1683 1300 1737 7)
1318 1686 1394 1727 ubi
1410 1693 1661 1740 corruptum
1678 1687 1875 1728 adnotum
1891 1692 1948 1728 est
1975 1687 2200 1729 Fontanus

411 1753 453 1789 at
478 1754 620 1790 notum
647 1755 667 1791 ἃ
694 1750 882 1792 scribens
910 1751 1043 1793 etiam
1069 1752 1312 1805 corruptius
1340 1753 1553 1804 effecerat,
1582 1752 1782 1794 uoculam
1808 1758 1864 1804 at,
1891 1752 1962 1794 cui
1997 1751 2199 1806 primitus

410 1828 578 1856 crucem
604 1817 913 1869 desperationis
936 1818 1160 1870 adfixerat,
1183 1818 1366 1871 perleuit
1389 1826 1522 1872 atque
1547 1833 1593 1860 ac
1616 1830 1747 1872 supra
1770 1832 1943 1860 uersum
1975 1818 2088 1861 inter
2109 1822 2131 1861 ὃ
2153 1824 2199 1861 et

498 1948 538 1970 ¹⁸⁷
552 1948 640 1983 Vide
659 1960 764 1992 supra
782 1960 817 1992 p.
842 1950 915 1985 123.

497 2003 540 2025 ¹⁸⁸
551 2003 639 2039 Vide
654 2015 759 2047 supra
773 2016 808 2048 p.
829 2006 902 2040 101.

498 2059 538 2080 ¹⁸⁹
549 2059 672 2094 Minus
685 2065 804 2095 tamen
816 2066 978 2096 accurate
990 2061 1094 2096 huius
1105 2061 1224 2096 librari
1236 2073 1325 2105 opus
1337 2062 1373 2097 in
1381 2063 1436 2097 M.
1446 2062 1551 2105 Epidi
1563 2062 1640 2097 uita
1650 2060 1694 2103 (c.
1708 2059 1765 2103 28)
1779 2061 1995 2097 enarrauisse
2004 2061 2092 2096 mihi
2102 2061 2199 2097 uide-

411 2118 468 2147 tur
483 2114 649 2149 Wissowa
664 2115 749 2150 haec
761 2114 811 2158 (p.
826 2117 971 2151 XXVII
986 2117 1067 2151 adn.
1086 2115 1117 2158 1)
1135 2117 1302 2152 scribens:
1326 2112 1375 2152 “f.
1391 2118 1449 2152 58r
1463 2128 1543 2152 cum
1557 2117 1612 2152 M.
1629 2116 1747 2161 Epidii
1759 2117 1872 2152 vitam
1884 2115 1930 2158 (c.
1943 2112 2003 2159 28)
2017 2127 2042 2152 a
2053 2127 2192 2160 praeoe-

410 2168 515 2203 dente
532 2180 692 2212 separare
709 2171 746 2204 in
763 2171 945 2206 scribendo
963 2172 1179 2216 neglexisset,
1189 2177 1312 2216 postea
1329 2173 1485 2207 litteram
1503 2172 1672 2207 initialem
1689 2172 1726 2210 in
1743 2172 1859 2207 medio
1876 2182 1980 2208 versu
1997 2171 2194 2207 minimitfl

410 2224 446 2257 N
446 2234 574 2267 amque
584 2225 745 2261 librarius
757 2226 862 2269 Epidi
873 2227 985 2261 uitam
997 2239 1019 2262 a
1029 2228 1260 2271 praecedente
1271 2239 1432 2271 separare
1442 2228 1630 2270 neglexisse
1640 2227 1699 2262 uix
1710 2227 1780 2262 dici
1790 2231 1920 2271 potest,
1932 2227 2105 2270 siquidem
2115 2237 2197 2262 cum

409 2278 445 2313 in
458 2280 644 2322 exemplari
656 2291 727 2323 quo
739 2292 823 2316 usus
844 2287 898 2317 est
910 2282 966 2317 hic
978 2283 1139 2318 librarius
1152 2288 1229 2318 tum
1248 2283 1285 2318 in
1297 2283 1373 2326 ipso
1385 2283 1623 2318 Hersfeldensi
1635 2283 1753 2318 codice
1764 2283 1900 2317 nullum
1911 2287 1989 2317 erat
2000 2286 2110 2326 eaput
2127 2281 2194 2318 hoc

409 2333 484 2368 loco
502 2345 524 2368 a
542 2336 771 2377 praecedente
789 2337 1006 2373 distinctum.
1051 2338 1095 2372 In
1114 2339 1276 2373 omnibus
1293 2338 1390 2373 libris
1408 2339 1536 2373 nostris
1554 2338 1704 2373 melioris
1722 2342 1829 2373 notae
1846 2337 2082 2373 distinctionis
2099 2336 2198 2380 signa

409 2393 489 2431 post
501 2390 633 2424 solitam
646 2391 697 2425 ita
709 2392 824 2434 posita
837 2398 930 2435 sunt,
953 2398 995 2428 ut
1007 2394 1103 2428 locus
1115 2394 1164 2429 sic
1185 2394 1335 2436 legatur:
1357 2395 1500 2428 solitam.
1525 2393 1583 2428 Ad
1593 2393 1632 2428 id
1643 2397 1773 2436 tempus
1788 2393 1939 2436 Epidius
1957 2391 2197 2436 (praenomine

409 2444 463 2478 M.
478 2443 631 2486 omisso).
677 2446 823 2482 Codices
837 2446 866 2481 B
882 2446 914 2481 K
930 2447 957 2482 C
973 2447 1008 2482 H
1022 2453 1145 2484 autem
1158 2450 1256 2484 nulla
1269 2449 1412 2484 omnino
1426 2448 1665 2484 distinctionis
1678 2448 1777 2491 signa
1790 2447 1935 2491 habent,
1950 2458 2031 2483 cum
2043 2447 2082 2483 in
2093 2445 2113 2483 1
2125 2446 2198 2483 tale

409 2498 494 2542 quid
509 2500 624 2534 locum
640 2501 795 2536 obtinet:
816 2502 991 2545 solimlAd
1008 2505 1044 2538 id
1062 2507 1126 2547 epi.
1146 2505 1306 2547 Epidius.
1352 2504 1420 2539 Sed
1436 2508 1544 2547 caput
1559 2515 1581 2538 a
1594 2503 1829 2547 praecedente
1844 2502 2054 2538 distinctum
2068 2502 2107 2538 in
2121 2502 2196 2538 solo

408 2551 442 2588 G
450 2553 642 2599 inuenitur,
653 2557 752 2592 cuius
762 2557 923 2593 librarius
933 2559 979 2593 ab
990 2559 1195 2602 exemplaris
1204 2559 1260 2594 sui
1269 2559 1436 2594 memoria
1446 2559 1642 2594 discessisse
1651 2559 1756 2602 plane
1765 2555 1975 2602 coarguitur,
1985 2568 2066 2593 cum
2075 2557 2197 2602 primi-

408 2613 467 2644 tus
481 2610 539 2644 Ad
551 2610 588 2646 in
601 2611 723 2646 eodem
736 2623 840 2647 uersu
854 2624 895 2648 ac
908 2615 1016 2649 uerba
1029 2614 1274 2657 praecedentia
1293 2614 1479 2658 scripserit,
1501 2614 1629 2649 deinde
1646 2614 1754 2649 uerbo
1768 2614 1827 2648 Ad
1843 2613 1999 2648 radendo
2020 2613 2137 2648 deleto
2157 2611 2196 2648 in

409 2675 510 2700 uersu
531 2671 699 2708 sequente
720 2668 750 2701 A
758 2669 793 2701 D
822 2669 882 2702 ID
915 2670 1118 2705 TEMPVS
1148 2671 1239 2704 EPI
1242 2671 1300 2704 DI
1305 2670 1362 2706 VS
1389 2669 1516 2705 litten‘s
1535 2669 1735 2704 maiusculis
1757 2669 1910 2704 scribens
1931 2679 2064 2704 nouum
2085 2673 2194 2711 eaput

408 2719 625 2757 indicauerit.
669 2723 747 2757 Hoc
766 2723 842 2758 loco
861 2723 898 2758 in
917 2724 1080 2759 Leidensi
1090 2725 1208 2760 codice
1221 2725 1451 2768 phototypice
1465 2725 1604 2768 depicto
1615 2724 1753 2767 saepius
1765 2724 1963 2759 examinato
1973 2727 2192 2767 compertum

407 2775 519 2810 habeo
527 2776 705 2812 librarium
714 2776 740 2811 L
749 2778 895 2814 eandem
909 2780 1080 2815 rationem
1095 2791 1136 2814 ac
1150 2780 1330 2815 librarium
1339 2778 1371 2814 G
1380 2781 1463 2814 olim
1477 2785 1637 2815 secutum
1651 2783 1759 2823 caput
1773 2790 1795 2814 a
1807 2779 2039 2823 praecedente
2050 2778 2194 2814 distine-

407 2835 484 2865 tum
503 2831 700 2868 confecisse.
738 2834 832 2867 Nam
851 2834 888 2868 in
907 2840 1073 2878 promptu
1093 2840 1147 2870 est
1165 2836 1312 2870 uerbum
1332 2836 1376 2869 ad
1393 2835 1545 2878 primum
1564 2846 1684 2870 uersus
1702 2835 1818 2869 locum
1836 2834 2000 2869 obtinens
2017 2833 2055 2869 in
2073 2844 2194 2869 rasura.

406 2896 511 2929 supra
528 2886 683 2922 litteram
701 2888 928 2923 maiusculam
950 2891 984 2924 D
1002 2890 1170 2933 scriptum
1189 2902 1273 2934 esse,
1293 2895 1330 2925 et
1347 2890 1486 2925 litterae
1503 2890 1714 2925 maiusculae
1724 2891 1753 2924 A
1776 2901 1798 2924 a
1808 2889 1948 2924 sinistra
1959 2900 2001 2924 ex
2018 2888 2140 2924 ordine
2155 2888 2193 2924 in

407 2941 595 2984 marginem
604 2943 756 2978 extantis
764 2944 910 2987 uestigia
919 2945 1005 2979 satis
1013 2945 1180 2981 distincta
1188 2957 1365 2989 apparere.
1392 2946 1490 2988 Quae
1508 2957 1588 2980 cum
1606 2945 1659 2980 ita
1679 2945 1760 2988 sint,
1770 2944 1931 2979 librarius
1946 2944 2109 2987 primitus
2120 2944 2150 2979 A
2157 2944 2193 2978 D

406 2996 443 3030 id
457 3001 586 3039 tempus
601 2999 735 3040 epidius
750 3000 897 3042 scripsit,
913 3001 1049 3043 deinde,
1066 3001 1095 3035 si
1110 3001 1277 3036 Wissowa
1291 3001 1469 3035 librarium
1494 3005 1531 3035 et
1545 3000 1765 3035 miniatorem
1788 3011 1898 3035 unum
1913 3004 2022 3043 atque
2036 2998 2186 3035 eundem

407 3051 511 3086 fuisse
523 3057 616 3087 recte
626 3053 806 3097 iudicauit,
827 3056 935 3089 uerbo
952 3057 1018 3090 AD
1029 3056 1183 3091 radendo
1204 3057 1319 3091 deleto
1332 3057 1375 3090 ad
1387 3067 1493 3098 supra
1507 3057 1541 3090 D
1561 3055 1597 3090 in
1618 3067 1738 3090 rasura
1758 3055 1909 3098 scripsit;
1929 3054 2016 3090 item
2035 3054 2192 3090 litteram

407 3118 422 3140 e
442 3106 478 3141 in
489 3108 634 3151 epidius,
647 3109 745 3143 cuius
763 3110 910 3152 uestigia
929 3111 1036 3145 etiam
1056 3111 1194 3146 decerni
1211 3116 1370 3154 possunt,
1384 3111 1490 3145 erasit
1508 3115 1616 3153 atque
1634 3110 1789 3145 litteram
1799 3109 2028 3145 maiusculam
2041 3108 2192 3144 Eminio

405 3173 510 3205 supra
523 3163 647 3205 pinxit.
693 3165 867 3199 Punctum
883 3171 1002 3200 tamen
1015 3172 1096 3209 post
1110 3167 1242 3201 solitam
1256 3167 1292 3201 in
1306 3167 1537 3209 praecedente
1550 3177 1653 3200 uersu
1666 3177 1737 3199 non
1752 3165 1905 3208 sustulit,
1919 3175 2034 3208 neque
2047 3164 2192 3199 distinc-

407 3217 510 3252 tionis
525 3219 659 3259 signum
675 3225 754 3262 post
769 3225 898 3263 tempus
912 3222 1040 3264 posuit.
