2340 3840
385 361 428 394 26
714 361 782 395 DE
798 360 1091 396 FRAGMENTI
1106 362 1401 398 SVETONIANI
1417 363 1484 397 DE
1501 363 1846 399 GRAMMATICIS
2092 364 2170 407 [526

387 473 611 514 columnae
636 480 686 515 ut
710 485 924 527 peraeque
949 474 1158 516 ducamus
1184 481 1252 517 tot
1278 475 1424 532 uerba,
1452 482 1559 528 quot
1584 475 1629 516 in
1654 476 1843 518 editione
1867 476 2169 519 Teubneriana

390 540 468 581 130
483 553 561 581 cm.
579 539 792 591 obtinent,
807 540 1165 594 complectuntur.
1195 542 1483 584 Transeamus
1499 555 1612 584 nunc
1628 542 1685 584 ad
1699 542 1982 594 Germaniam,
1999 555 2111 596 quae
2125 542 2171 584 in
2200 564 2205 573 ‹

389 605 681 648 Hersfeldensi
698 607 843 648 codice
860 607 1050 660 primum
1066 608 1210 649 locum
1227 608 1469 650 obtinebat.
1524 610 1577 650 In
1595 609 1746 650 eadem
1765 608 1954 650 editione
1971 609 2170 651 Teubne-

387 673 508 715 riana
529 673 665 716 totius
681 673 928 716 Germaniae
949 681 1093 717 textus
1114 689 1190 729 per
1209 676 1318 718 5800
1338 689 1420 718 cm.
1442 675 1530 718 fere
1551 676 1738 718 ducitur.
1774 675 2002 718 Germania
2020 682 2172 719 autem

389 739 702 781 Hersfeldensis
716 747 827 782 teste
843 741 1100 782 Decembrio
1114 741 1158 782 in
1176 743 1224 782 12
1238 741 1343 783 folia
1357 742 1426 783 uel
1438 743 1492 782 48
1506 742 1728 783 columnas
1743 741 1978 783 distributa
1990 748 2098 784 erat.
2126 741 2171 783 Si

389 805 692 859 subscriptioni
717 808 810 848 ,366
833 806 921 848 fere
943 806 1147 860 partem⁵⁷
1171 807 1298 848 unius
1321 808 1559 859 columnae,
1584 807 1854 861 inscriptioni
1876 813 2025 850 autem
2047 807 2172 849 dimi·

389 871 505 912 diam
532 872 811 914 columnam⁶⁸
837 873 1130 925 attribuimus,
1158 886 1210 916 ea
1236 887 1346 926 quae
1371 874 1417 915 in
1437 874 1625 915 editione
1645 873 1948 915 Teubneriana
1966 886 2044 927 per
2062 874 2172 916 5800

390 951 470 979 cm.
491 938 624 980 ducta
641 945 743 981 sunt
760 939 805 980 in
822 939 1061 993 archetypo
1079 940 1373 982 Hersfeldensi
1390 940 1435 982 in
1452 940 1605 982 47.134
1624 937 1962 991 [48-(.5÷.366)]
1980 939 2070 982 fere
2086 939 2171 982 col-

389 1017 542 1046 umnas
561 1005 795 1047 distributa
811 1012 948 1048 erant.
1008 1007 1122 1059 Ergo
1141 1013 1210 1048 tot
1227 1007 1374 1059 uerba,
1394 1013 1503 1059 quot
1520 1007 1565 1048 in
1582 1007 1770 1048 editione
1791 1007 1867 1048 123
1885 1019 1967 1048 cm.
1990 1004 2164 1057 (58004-

388 1070 749 1123 47.134=123÷)
772 1072 986 1124 obtinent,
1006 1072 1051 1114 in
1070 1073 1296 1115 Germania
1314 1073 1608 1115 Hersfeldensi
1626 1073 1802 1125 singulis
1831 1071 2042 1114 columnis
2071 1084 2172 1115 con-

391 1137 654 1180 tinebantur.
712 1139 928 1192 Agricolae
946 1138 1261 1181 Hersfeldensis
1277 1140 1418 1193 prima
1437 1145 1647 1192 quattuor
1663 1139 1767 1180 folia
1786 1145 1955 1181 textum
1971 1138 2028 1180 ab
2045 1137 2172 1181 initio

390 1217 525 1257 usque
545 1205 601 1246 ad
627 1218 662 1247 c.
683 1207 746 1256 13,
770 1207 793 1246 2
820 1219 992 1247 munera
1016 1206 1349 1259 complectentia
1374 1206 1525 1247 eadem
1549 1205 1717 1247 ratione
1744 1211 1996 1256 tractantes,
2023 1204 2170 1256 uerba,

392 1284 502 1323 quae
519 1271 563 1312 in
581 1271 769 1313 editione
786 1271 1087 1313 Teubneriana
1104 1286 1180 1326 per
1198 1272 1364 1314 circiter
1386 1274 1490 1313 1900
1522 1285 1602 1313 cm.
1622 1273 1754 1313 ducta
1772 1277 1887 1323 sunt,
1903 1271 1949 1312 in
1980 1269 2172 1313 Hersfel-

389 1337 510 1379 densi
540 1337 685 1380 codice
708 1338 799 1379 15.5
831 1338 1086 1380 columnas⁵⁹
1106 1339 1383 1392 occupauisse
1410 1338 1657 1392 reperimus.
1718 1338 1916 1391 Singulae
1944 1337 2170 1379 columnae

388 1403 519 1457 igitur
553 1404 718 1446 circiter
744 1406 820 1446 123
842 1418 922 1446 cm.
945 1403 1071 1454 (1900
1084 1408 1124 1438 ÷
1145 1404 1434 1455 15.5=122.5)
1459 1411 1603 1446 textus
1624 1404 1914 1446 Teubneriani
1933 1403 2169 1446 habebant.

390 1470 531 1522 Quare
545 1471 750 1512 continuo
765 1473 946 1524 apparet
959 1471 1004 1512 in
1019 1471 1311 1513 Hersfeldensi
1326 1471 1470 1513 codice
1486 1471 1621 1512 totius
1636 1471 1882 1512 Germaniae
1896 1476 1941 1512 et
1954 1470 2172 1523 Agricolae

387 1536 587 1578 foliorum
610 1543 819 1589 quattuor
838 1538 1031 1591 priorum
1052 1538 1311 1591 scripturam
1332 1538 1524 1579 eiusdem
1545 1537 1774 1579 densitatis
1795 1536 1940 1588 fuisse,
1963 1535 2039 1578 sed
2059 1536 2171 1578 solu·

387 1603 540 1645 tiorem
560 1617 692 1656 quam
710 1604 926 1656 Agricolae
944 1604 1148 1646 foliorum
1167 1611 1266 1646 octo
1286 1604 1573 1657 sequentium,
1595 1617 1706 1656 quae
1726 1616 1840 1644 nunc
1859 1603 1904 1644 in
1923 1602 2082 1644 Aesino
2100 1615 2171 1644 co-
2202 1607 2208 1611 '

385 1670 477 1711 dice
497 1677 808 1712 conseruantur
831 1668 961 1720 (ratio
981 1677 1130 1712 autern
1150 1677 1216 1712 est
1254 1669 1465 1721 123:130).
1526 1671 1654 1712 Nunc
1675 1670 1731 1711 ad
1765 1670 1982 1723 Agricolae
2002 1673 2171 1711 textum

385 1736 610 1788 reliquum,
635 1750 670 1778 c.
689 1738 755 1788 40,
775 1735 797 1778 7
822 1737 876 1778 ad
898 1738 1135 1790 Agricolam
1157 1737 1214 1778 ad
1236 1737 1379 1789 finem,
1397 1737 1442 1778 in
1464 1737 1653 1778 editione
1675 1735 1980 1778 Teubneriana
2001 1734 2168 1777 circiter

389 1802 494 1844 1170
513 1816 593 1844 cm.
615 1803 899 1855 obtinentem,
920 1803 965 1844 in
983 1803 1224 1857 archetypo
1242 1810 1391 1845 autem
1409 1817 1485 1857 per
1506 1802 1629 1844 7.634
1646 1803 1734 1844 fere
1753 1800 2010 1844 columnas⁶⁰
2027 1801 2170 1844 dista·-

386 1870 557 1920 butum,
576 1876 759 1911 transeo.
820 1870 874 1910 In
894 1869 975 1911 hac
989 1876 1114 1923 parte
1134 1870 1326 1923 singulae
1347 1870 1572 1911 columnae
1594 1869 1760 1911 circiter
1783 1869 1860 1910 153
1881 1881 1963 1910 cm.
1985 1866 2154 1919 (1170-¹-

390 1936 556 1977 7.634=
571 1934 764 1986 153.2÷)
784 1942 928 1977 textus
944 1937 1234 1978 Teubneriani
1249 1936 1636 1989 amplectebantur.
1697 1935 1823 1977 Unde
1837 1940 2020 1988 apparet
2035 1933 2168 1976 Anni·

388 2002 581 2043 baldiurn
602 2003 860 2055 scripturam
881 2002 1150 2045 subtiliorem
1171 2016 1222 2044 ac
1243 2003 1485 2045 densiorem
1505 2002 1551 2043 in
1571 2002 1652 2043 hac
1673 2002 1888 2055 Agricolae
1907 2006 2034 2055 parte
2052 2006 2169 2042 recte

387 2068 626 2122 agnouisse,
651 2069 724 2110 sed
748 2082 835 2110 non
858 2069 1043 2111 eodem
1031 2083 1121 2111 lure
1145 2070 1198 2111 de
1218 2069 1354 2111 altera
1375 2081 1507 2110 manu
1527 2068 1744 2110 statuisse.
1803 2067 1930 2120 Quod
1951 2073 2098 2120 tamen
2119 2079 2171 2109 a

386 2135 665 2187 sequentibus
689 2136 846 2177 certius
870 2136 958 2177 fiet.

469 2203 706 2255 Dialogum,
738 2202 811 2254 qui
839 2202 883 2243 in
911 2202 1205 2244 Hersfeldensi
1233 2202 1379 2243 codice
1408 2202 1586 2243 tertium
1614 2201 1757 2242 locum
1784 2199 1989 2251 habebat,
2018 2198 2171 2241 eadem

387 2268 712 2321 computatione
735 2269 934 2310 tractaui.
994 2270 1124 2310 Teste
1147 2268 1405 2310 Decembrio
1425 2267 1553 2309 huius
1574 2267 1706 2309 libelli
1725 2279 1827 2320 pars
1848 2278 1960 2319 quae
1980 2272 2048 2308 est
2067 2271 2171 2307 ante

385 2335 598 2386 lacunam,
621 2348 656 2376 c.
677 2336 727 2376 35
748 2335 906 2376 iudices
927 2340 1109 2386 uentum,
1127 2335 1172 2376 in
1194 2334 1488 2377 Hersfeldensi
1508 2334 1653 2375 codice
1675 2331 2022 2386 quattuordecim
2043 2330 2170 2383 foliis,

385 2401 466 2442 hae
488 2408 591 2442 sunt
613 2401 707 2442 55.5
731 2400 1004 2452 columnae,⁶1
1026 2401 1344 2443 continebatur.
1405 2402 1525 2452 Quae
1546 2413 1647 2454 pars
1670 2406 1818 2441 autem
1841 2399 1886 2440 in
1907 2397 2060 2440 eadem
2081 2397 2169 2440 edi-

388 2468 504 2508 tione
524 2467 825 2509 Teubneriana
842 2481 920 2520 per
940 2468 1107 2509 circiter
1128 2467 1235 2509 7780
1254 2481 1335 2508 cm.
1358 2467 1491 2509 ducta
1510 2473 1589 2518 est,
1610 2467 1675 2508 ita
1695 2472 1745 2508 ut
1763 2466 1809 2507 in
1827 2464 2066 2518 archetypo
2085 2463 2170 2506 sin-

385 2533 508 2586 gulae
537 2533 762 2575 columnae
790 2533 878 2575 fere
911 2535 989 2574 140
1017 2547 1098 2575 cm.
1139 2532 1307 2584 (7780÷
1325 2531 1674 2583 55.5=140.1÷)
1705 2539 1849 2574 textus
1877 2530 2170 2573 Teubneriani

388 2599 671 2641 continerent.
730 2601 933 2653 Dialogus
953 2600 1083 2653 igitur
1098 2600 1178 2641 hac
1198 2600 1243 2641 in
1262 2606 1387 2653 parte
1407 2599 1666 2652 scripturam
1681 2597 1948 2640 subtiliorem
1968 2596 2038 2639 uel
2065 2596 2170 2638 den·

390 2666 544 2708 siorem
569 2679 701 2718 quam
725 2667 950 2708 Germania
973 2673 1018 2708 et
1042 2667 1259 2719 Agricolae
1282 2666 1426 2719 priora
1450 2665 1678 2707 duodecim
1701 2665 1804 2706 folia
1827 2663 2032 2714 habebat,
2057 2661 2170 2704 solu-

390 2733 543 2774 tiorem
561 2739 707 2774 tamen
725 2746 856 2785 quam
873 2733 1088 2786 Agricolae
1105 2732 1258 2774 ultima
1275 2733 1362 2773 duo
1378 2732 1494 2773 folia.
1562 2732 1731 2784 Dialogi
1757 2737 1905 2772 autem
1921 2729 2057 2771 altera
2071 2734 2172 2782 pars

480 2831 511 2853 ⁸⁷
522 2830 776 2866 Hersfeldensis
794 2831 968 2875 Agricolae
980 2835 1097 2866 textus
1116 2834 1207 2866 teste
1224 2830 1434 2866 Annibaldio
1444 2830 1480 2865 in
1497 2841 1601 2865 uersu
1622 2830 1662 2864 19
1679 2829 1825 2874 ultimae
1832 2827 2015 2864 columnae
2029 2825 2174 2863 altuino

390 2885 452 2920 toli
465 2886 555 2921 erasi
567 2885 674 2927 (nunc
690 2887 714 2921 f.
733 2885 775 2920 76
789 2886 826 2920 in
841 2886 969 2921 Aesino
983 2883 1113 2928 codice)
1129 2886 1322 2921 desinebat.
1369 2885 1531 2928 Singulae
1544 2885 1726 2920 columnae
1740 2888 1859 2919 autem
1874 2883 2084 2918 tricenorum
2097 2891 2175 2918 uet-

389 2951 492 2976 suum
505 2940 568 2982 (sic
583 2941 620 2976 in
636 2941 755 2976 Aesini
771 2941 947 2984 Agricolae
961 2942 1139 2977 ueteribus
1154 2939 1257 2983 foliis)
1273 2946 1385 2976 erant.
1431 2940 1646 2984 Subscriptio
1661 2939 1769 2983 igitur
1784 2938 1938 2982 spatium
1955 2938 1994 2973 11
2012 2937 2084 2974 fiere
2096 2946 2175 2973 uer·

389 3007 492 3031 suum
502 2995 627 3038 (30-19
635 3010 665 3023 =
675 2994 727 3038 11)
740 2997 798 3031 uel
811 2997 888 3032 ..366
899 3002 1037 3040 partem
1046 2995 1103 3038 (11
1111 2997 1232 3031 ÷30=
1241 2994 1331 3038 .366)
1341 2996 1445 3031 unius
1457 2996 1640 3031 columnae
1650 2994 1874 3038 occupauisse
1885 2993 2039 3028 uidetur.

479 3053 508 3074 ⁶⁸
520 3051 575 3086 Sic
589 3052 658 3086 fere
670 3053 707 3087 in
720 3053 895 3095 Agricolae
906 3052 1024 3088 Aesim
1038 3050 1218 3096 (suppleti)
1231 3051 1465 3095 inscriptione.

479 3106 506 3128 ‘⁹
518 3106 710 3141 Dimidium
722 3107 921 3142 columnam
932 3111 976 3142 ut
986 3118 1124 3151 semper
1133 3106 1353 3150 inscriptioni
1364 3107 1491 3142 tribuo.

482 3162 510 3183 ⁸⁰
521 3162 776 3205 Subscriptioni
788 3163 864 3198 ,366
876 3163 1058 3198 columnae
1069 3167 1208 3206 partem
1219 3162 1387 3197 attribuo.

483 3217 507 3239 ⁸¹
520 3217 712 3251 Dimidiam
725 3217 922 3252 columnam
935 3217 1153 3261 inscriptioni
1164 3217 1291 3252 tribuo.
