2340 3840
165 343 244 388 ⁵2⁷1
566 344 631 378 ET
645 344 956 380 RHETORIBVS
972 343 1199 379 CODICVM
1216 344 1355 379 NEXV
1370 344 1435 378 ET
1450 344 1566 379 FIDE
1926 344 1967 380 27

163 463 266 513 poet
286 456 503 509 lacunam,
528 470 565 499 c.
587 458 641 499 36
662 470 749 499 rem
770 457 950 510 cogitant
971 456 1029 498 ad
1051 456 1196 508 finem,
1221 455 1393 497 duobus
1415 455 1530 498 foliis
1554 469 1653 499 cum
1677 457 1871 509 dimidio,
1899 457 1967 499 uel

163 525 303 569 2⁶34
329 524 576 567 columnis⁶⁸
602 523 926 575 continebatur,
956 530 1001 566 et
1043 523 1089 565 in
1118 523 1309 566 editione
1350 523 1655 566 Teubneriana
1682 537 1759 577 per
1797 524 1967 567 circiter

167 593 275 635 1330
289 604 373 634 cm.
391 591 526 634 ducta
541 598 622 634 est.
656 591 858 644 Singulae
874 590 1007 644 igitur
1022 590 1250 632 columnae
1266 590 1311 631 in
1327 589 1568 645 archetypo
1587 592 1665 633 159
1681 604 1764 633 cm.
1781 590 1911 642 (1530
1921 592 1961 623 ÷

162 661 208 702 9.
216 659 458 702 634-158.
467 655 513 710 8)
546 658 787 701 secundum
816 657 1032 700 rationem
1063 656 1413 699 Teubnerianam
1444 657 1681 700 habebant.
1744 657 1967 712 Scriptura

162 725 298 784 igitur
319 725 368 769 in
395 726 569 780 Dialogi
604 725 762 768 ultima
786 732 914 780 parte
951 725 1124 768 densior
1149 731 1244 768 erat
1280 737 1415 779 quam
1441 725 1486 767 in
1522 724 1612 768 ulla
1641 724 1804 769 codicis
1840 732 1967 780 parte

162 791 482 858 praecedente,
497 793 615 836 unde
644 792 930 836 confirmatur
961 791 1124 846 opinio,
1157 805 1292 846 quam
1322 804 1456 846 supra
1487 789 1550 846 (p.
1587 791 1633 834 17
1668 790 1754 846 sq.)
1789 791 1966 846 protuli,

163 859 396 904 dimidium
429 858 585 903 folium
621 873 827 912 uacuum,
865 860 985 915 quod
1021 873 1045 902 e
1083 858 1319 905 Decembri
1355 858 1608 902 testimonio
1643 860 1968 913 agnoscendum

162 933 244 980 est,
261 940 351 971 non
365 927 425 970 ad
438 927 575 971 libelli
589 926 722 970 finem
737 926 884 978 fuisse,
901 926 1007 970 sed
994 940 1041 969 ιιι
1055 926 1228 978 lacuna,
1251 939 1353 969 cum
1369 926 1490 969 nulla
1505 925 1564 969 sit
1586 939 1719 969 causa
1741 939 1817 969 cur
1837 926 1968 969 libra-

162 994 252 1038 rius
270 993 407 1038 uerba
425 993 491 1037 ita
504 993 749 1048 stipaturus
764 993 897 1037 fuerit
917 1001 968 1037 ut
985 993 1216 1036 dimidium
1231 993 1385 1036 folium
1405 994 1463 1036 ad
1483 993 1616 1036 finem
1635 1005 1826 1036 uacuum
1842 993 1967 1036 relin-

193 1068 382 1105 ueretur.

163 1074 192 1116 q
246 1127 530 1171 Peruenimus
557 1127 736 1169 tandem
763 1127 820 1169 ad
846 1133 1047 1169 nostrum
1073 1127 1267 1169 libellum
1295 1126 1625 1178 Suetonianum,
1654 1126 1730 1180 qui
1755 1126 1801 1168 in
1830 1125 1967 1168 Rothi

162 1193 354 1251 editione
377 1194 696 1246 Teubneriana,
726 1193 830 1236 1907
861 1192 1057 1246 (1858),⁸⁸
1080 1207 1158 1248 per
1182 1194 1353 1236 circiter
1376 1195 1487 1235 4250
1510 1206 1593 1235 cm.
1621 1200 1790 1236 tractus
1815 1200 1895 1245 est,
1922 1193 1967 1235 in

162 1260 458 1305 Hersfeldensi
474 1267 624 1304 autem
640 1261 787 1304 codice
804 1268 973 1315 septem
989 1261 1104 1303 foliis
1120 1261 1441 1303 continebatur.
1484 1260 1567 1303 Sed
1585 1260 1766 1303 ultimae
1782 1260 1967 1314 paginae

162 1327 302 1372 altera
319 1328 525 1372 columna
544 1329 580 1370 si
601 1329 861 1371 Decembrio
881 1329 1013 1371 fidem
1033 1328 1259 1380 habemus,
1277 1327 1412 1370 uerba
1433 1327 1564 1370 modo
1585 1341 1612 1370 a
1631 1328 1843 1370 uindicem
1859 1341 1895 1370 c.
1914 1329 1968 1370 30

165 1394 226 1450 (p.
246 1394 339 1448 127,
353 1394 400 1448 4)
416 1395 474 1438 ad
487 1395 619 1438 finem
633 1395 828 1438 habebat
846 1394 968 1447 (sunt
981 1402 1132 1438 autem
1145 1395 1191 1438 in
1205 1395 1396 1438 editione
1411 1396 1506 1437 25.5
1522 1393 1642 1446 cm.).
1701 1395 1821 1447 Quot
1835 1394 1968 1448 igitur

162 1462 299 1505 uerba
319 1463 366 1506 in
388 1462 580 1506 editione
603 1463 908 1505 Teubneriana
930 1477 1008 1517 per
1031 1464 1183 1505 4224.5
1208 1476 1290 1506 cm.
1321 1461 1805 1513 (4250-25.5=4224.5)
1833 1462 1967 1504 ducta

161 1535 267 1573 sunt
294 1530 341 1573 in
369 1529 518 1572 codice
547 1529 845 1572 Hersfeldensi
874 1531 1006 1572 modo
1035 1544 1113 1584 per
1143 1531 1238 1572 26.5
1269 1530 1526 1571 columnas⁶⁴
1555 1529 1794 1572 distributa
1824 1535 1963 1581 erant,

160 1596 356 1640 etiamsi
377 1596 546 1639 nullum
568 1597 762 1651 spatium
785 1597 1171 1651 grammaticorum
1193 1596 1506 1650 rhetorumque
1528 1595 1758 1648 indicibus,
1784 1596 1860 1650 qui
1883 1596 1967 1639 toti

160 1662 307 1707 libello
337 1663 565 1719 praemissi
596 1671 736 1717 erant,
771 1665 1018 1707 tribuimus.
1080 1664 1281 1719 Singulae
1314 1664 1446 1718 igitur
1479 1664 1707 1706 columnae
1739 1664 1968 1717 aliquanto

159 1731 259 1786 plus
284 1732 365 1774 160
386 1745 470 1774 cm.
500 1730 712 1783 (4224.5÷
731 1731 1084 1783 26.5=159.4÷)
1112 1738 1259 1774 textus
1283 1731 1578 1773 Teubneriani
1601 1730 1840 1783 habebant,
1866 1743 1967 1773 cum

160 1797 376 1841 indicibus
402 1799 596 1853 spatium
621 1799 800 1852 aliquod
821 1799 1054 1842 concedere
1082 1806 1316 1853 oporteret.
1377 1799 1521 1851 Quare
1541 1798 1587 1840 in
1615 1798 1795 1841 Suetoni
1822 1797 1967 1840 libello

160 1865 377 1921 scriptura
395 1866 531 1910 etiam
549 1867 723 1910 densior
741 1875 835 1910 erat
856 1881 990 1922 quam
1008 1867 1054 1910 in
1076 1867 1249 1921 Dialogi
1267 1867 1433 1910 ultimis
1453 1866 1625 1909 duobus
1644 1865 1758 1909 foliis
1778 1873 1823 1909 et
1842 1865 1968 1909 dimi-

161 1931 248 1975 dio.
307 1933 405 1985 Quo
430 1933 703 1987 comparatio
730 1933 844 1975 inter
871 1933 1062 1987 singulas
1089 1933 1249 1975 codicis
1277 1932 1595 1975 Hersfeldensis
1621 1939 1769 1986 partes
1797 1931 1966 1974 facilius

159 1998 254 2052 fiat,
282 2013 394 2054 quae
410 2013 463 2043 ex
487 1999 770 2053 inquisitione
797 2014 894 2042 mea
919 2007 1159 2043 euenerunt
1185 2000 1298 2042 hanc
1324 2000 1369 2041 in
1397 2000 1595 2041 tabulam
1615 1999 1794 2051 contuli,
1831 1999 1896 2041 ita
1917 2006 1966 2041 ut

160 2066 313 2109 statim
332 2074 586 2121 compareat
604 2074 820 2120 quantum
838 2068 1031 2122 spatium
1059 2068 1105 2109 in
1137 2067 1327 2110 editione
1343 2067 1649 2109 Teubneriana
1666 2066 1859 2120 singulae
1878 2073 1969 2108 tex-

162 2140 235 2176 tus
260 2141 409 2188 partes
437 2147 552 2176 nunc
581 2142 809 2189 occupent,
840 2148 952 2188 quae
981 2135 1083 2176 olim
1111 2134 1156 2176 in
1184 2134 1427 2188 archetypo
1455 2134 1633 2187 singulis
1661 2134 1887 2185 columnis,
1918 2140 1968 2175 ut

161 2213 377 2255 peraeque
397 2201 623 2254 ducamus,
644 2202 990 2244 continerentur:

441 2268 677 2312 Germania
714 2270 758 2311 ff.
821 2271 995 2311 l—XII
1005 2301 1451 2311 .................
1466 2270 1543 2310 123
1602 2282 1685 2310 cm.

440 2336 641 2390 Agricola
714 2337 759 2378 ff.
819 2338 996 2378 I—IIII
1006 2370 1452 2378 .................
1467 2338 1544 2377 123
1603 2349 1685 2377 cm.

440 2402 642 2457 Agricola
714 2404 759 2445 ff.
819 2405 1008 2446 V—XII
1018 2437 1452 2445 .................
1467 2404 1545 2444 130
1603 2415 1685 2444 cm.

407 2518 416 2525 ,
439 2470 640 2524 Agricola
713 2471 758 2512 ff.
817 2472 1138 2513 XIII—XIIII
1148 2504 1452 2513 ............
1467 2471 1544 2512 153
1604 2483 1686 2511 cm.

439 2537 685 2591 Dialogus⁶⁸
714 2538 759 2579 ff.
820 2539 1043 2580 I—XIIII
1054 2571 1453 2580 ...............
1469 2538 1547 2578 140
1604 2550 1686 2578 cm.

439 2603 652 2658 Dialogus
818 2602 1545 2648 xvlv-XVI11„.159
1604 2617 1685 2645 cm.

440 2671 674 2714 Suetonius
713 2672 759 2714 ff
818 2673 986 2715 1—V11
998 2705 1453 2714 .................
1469 2672 1686 2718 160÷cm.

245 2737 366 2789 Quae
385 2751 438 2780 ex
455 2737 538 2780 hac
556 2739 889 2792 computatione
908 2740 1103 2782 euadant
1121 2753 1250 2782 nemo
1269 2752 1356 2780 non
1375 2738 1620 2792 perspiciet.
1683 2738 1726 2781 Si
1746 2737 1969 2791 quandam

160 2815 361 2846 normam
380 2805 438 2846 ad
458 2818 669 2847 manuum
689 2806 991 2848 diuersitatem
1011 2806 1326 2849 statuendam
1314 2819 1359 2847 ιιι
1379 2806 1470 2847 sola
1490 2806 1730 2859 scripturae
1750 2804 1969 2846 densitate

249 2937 276 2960 ⁸⁸
289 2936 543 2983 Subscriptioni
563 2939 646 2974 ,366
658 2939 842 2975 columnae
854 2945 994 2984 partem
1007 2940 1136 2976 tribuo.

251 2992 282 3016 ⁸⁸
291 2992 392 3030 Haec
404 2992 527 3039 editio,
541 2994 639 3038 quod
652 2994 809 3031 iudicare
820 2995 964 3039 possim,
980 2995 1113 3032 eisdem
1129 2995 1225 3039 typis
1239 3000 1294 3030 est
1309 2994 1488 3038 descripta
1501 2999 1612 3038 atque
1626 2993 1747 3029 Halml
1761 2993 1882 3037 editio,
1898 3003 1969 3037 qua

157 3047 196 3083 in
207 3047 374 3092 operibus
383 3049 580 3087 minoribus
589 3050 747 3087 Taciteis
756 3062 842 3088 usus
851 3062 942 3087 sum.

251 3104 281 3127 ⁰⁴
292 3104 489 3141 Dimidiam
499 3106 702 3142 columnam
713 3107 936 3152 inscriptioni
946 3107 1076 3144 tribuo.

249 3160 278 3183 ⁸⁸
290 3160 389 3204 Inter
404 3161 526 3198 folium
540 3163 657 3198 XIIII
671 3168 709 3199 et
724 3163 785 3199 foli
799 3163 888 3199 XVI
902 3168 1042 3208 partem
1057 3174 1217 3199 auersam
1231 3162 1496 3199 intercedebant
1513 3161 1635 3198 folium
1646 3173 1801 3198 uacuum
1816 3167 1853 3196 et
1868 3161 1970 3196 dimi-

158 3215 269 3251 dium.
301 3217 390 3252 Vide
405 3229 511 3262 supra
526 3230 562 3262 p.
582 3220 622 3255 17
638 3231 691 3262 sq.
