2340 3840
386 349 429 383 58
717 349 785 383 DE
802 348 1095 384 FRAGMENTI
1110 350 1386 384 SVETONIAN
1388 351 1405 384 Ι
1421 350 1488 384 DE
1506 349 1850 386 GRAMMATICIS
2097 350 2175 393 [⁵⁵8

389 461 503 502 locos
528 460 870 512 perscrutatione
897 460 1048 514 dignos
1074 461 1284 503 tractauit
1311 461 1489 502 Ihmius.
1545 462 1664 514 Opus
1691 469 1839 504 autem
1863 462 2080 515 praeclare
2105 461 2172 504 in-

388 533 564 581 ceptum
582 540 696 569 mors
713 534 991 581 praematura
1008 541 1062 570 ne
1079 528 1137 570 ad
1154 523 1284 570 finem
1301 529 1555 582 perduceret
1573 529 1810 582 prohibuit.

473 593 568 634 Hoc
590 593 754 646 insigne
776 593 821 634 in
843 593 1009 634 familia
1035 590 1070 634 X
1093 593 1395 645 animaduerti,
1420 594 1767 636 Ottobonianum
1789 594 1995 646 codicem,
2020 606 2171 648 quam-

391 672 522 712 quam
540 659 678 701 multo
693 659 967 712 paucioribus
986 659 1102 701 uitiis
1121 672 1253 712 quam
1270 660 1611 702 Vindobonensis
1629 667 1694 702 est
1712 661 1969 712 maculatus,
1988 660 2049 702 eis
2066 660 2174 703 locis

390 725 464 767 ubi
479 726 535 767 ab
551 725 677 766 huius
694 726 899 767 memoria
915 726 1135 767 discedens
1151 726 1354 767 lectiones
1369 726 1603 779 peculiares
1620 727 1810 769 ostendit
1824 740 1999 779 perraro
2014 726 2173 770 codicis

392 789 427 833 X
451 792 702 834 memoriam
724 805 937 843 reuocare,
962 792 1339 834 Vindobonensem
1361 799 1510 834 autem
1532 793 1577 834 in
1598 793 1885 845 peculiaribus
1908 792 2170 835 lectionibus

390 858 640 900 memoriam
655 858 879 911 archetypi
896 855 932 900 X
947 865 990 900 et
1004 858 1102 900 libri
1117 858 1442 910 Hersfeldensis,
1459 866 1508 900 ut
1525 859 1631 900 mihi
1646 859 1821 912 quidem
1836 859 2022 911 uidetur,
2038 871 2167 913 saepe

390 938 675 966 conseruasse.
727 924 971 966 Librarium
995 922 1032 966 O
1057 938 1092 966 c.
1108 924 1202 978 6(p.
1221 926 1312 976 105,
1327 923 1370 975 5)
1395 925 1548 978 aliquot
1571 927 1803 976 uolumina,
1827 939 1863 967 c.
1879 926 1928 967 21
1943 924 2002 978 (p.
2019 926 2112 977 116,
2133 923 2172 980 1)

389 1004 466 1044 quo
486 992 703 1044 delegante,
725 1003 760 1032 c.
777 992 828 1034 25
847 990 907 1044 (Ρ.
932 992 1022 1042 120,
1045 989 1083 1042 7)
1105 991 1284 1033 rhetoras
1303 991 1376 1042 ibi,
1399 1005 1434 1032 c.
1457 993 1508 1032 29
1523 990 1582 1044 (p.
1600 992 1693 1042 125,
1717 990 1782 1042 10)
1804 992 2028 1043 immunia,
2048 1004 2173 1034 ueras

389 1057 622 1110 scripturas
640 1070 861 1099 reuocasse
878 1070 1008 1110 supra
1024 1056 1083 1110 (p.
1109 1057 1177 1116 55)
1198 1058 1380 1099 ostendi.
1430 1059 1478 1100 C.
1505 1059 1553 1100 15
1580 1057 1638 1111 (p.
1671 1059 1762 1110 112,
1794 1056 1858 1109 10)
1887 1071 2060 1111 quoque
2084 1059 2170 1102 lur-

388 1137 526 1166 conem
537 1122 552 1174 (
562 1140 598 1155 =
611 1121 652 1164 H
666 1121 702 1166 U
714 1122 758 1175 L)
771 1135 850 1176 pro
862 1124 1096 1166 lurchonem
1109 1124 1153 1165 in
1166 1124 1396 1177 exemplari
1409 1125 1517 1166 bene
1531 1125 1734 1166 restituit.
1767 1125 1850 1166 Hic
1862 1123 2060 1166 librarius
2072 1136 2178 1167 eam.

388 1190 662 1243 potissimum
677 1190 935 1232 emendandi
946 1191 1157 1232 rationem
1168 1198 1340 1232 secutus
1353 1198 1431 1241 est,
1445 1198 1494 1232 ut
1507 1191 1552 1232 in
1563 1191 1665 1232 locis
1678 1191 1889 1243 corruptis
1901 1190 2089 1244 singulas
2099 1203 2174 1232 uo-

389 1257 506 1298 culas
525 1269 635 1309 quae
653 1256 892 1299 sententiae
904 1257 1076 1298 obstare
1086 1257 1168 1298 sibi
1179 1257 1427 1298 uiderentur
1438 1258 1672 1308 omitteret,
1685 1258 1827 1310 spatio
1838 1270 1977 1299 uacuo
1987 1257 2173 1310 plerum-

390 1336 472 1375 que
489 1322 650 1364 relicto.
699 1324 767 1365 Sic
784 1335 819 1364 c.
840 1323 891 1364 25
908 1321 967 1375 (p.
990 1324 1081 1374 120,
1100 1322 1140 1374 3)
1161 1323 1235 1364 ubi
1252 1336 1302 1364 ne
1319 1325 1602 1365 renuntiatum
1619 1329 1676 1366 est
1693 1324 1737 1365 in
1755 1323 2046 1366 Hersfeldensi
2061 1322 2173 1365 libro

389 1389 602 1440 exstabat,
610 1403 661 1430 ne
672 1390 813 1442 spatio
825 1401 963 1430 uacuo
975 1390 1107 1431 trium
1118 1389 1205 1431 fere
1215 1390 1459 1431 litterarum
1470 1391 1704 1442 praemisso
1715 1390 1873 1441 omisit,
1881 1396 2014 1442 atque
2025 1401 2174 1432 ueram

387 1455 615 1497 lectionem
629 1455 719 1496 sine
734 1455 867 1497 dubio
881 1456 1151 1498 reuocauit.³⁰
1169 1457 1217 1497 C.
1233 1455 1254 1497 7
1268 1455 1327 1509 (p.
1344 1457 1435 1507 106,
1448 1455 1488 1507 6)
1501 1457 1545 1498 in
1556 1457 1628 1498 illo
1643 1456 1966 1509 corruptissimo
1975 1456 2070 1498 loco
2080 1467 2174 1497 uer-

389 1522 444 1563 ba
458 1526 502 1562 ut
519 1523 590 1563 hoc
606 1521 669 1563 ita
686 1522 830 1563 omisit
847 1528 897 1563 ut
913 1529 1033 1564 totus
1049 1522 1136 1563 fere
1153 1536 1300 1563 uersus
1318 1536 1404 1575 quo
1420 1523 1464 1564 id
1476 1530 1608 1576 caput
1620 1523 1776 1564 desinit
1788 1536 1951 1564 uacuus
1963 1522 2173 1575 relinque-

389 1595 523 1638 retur;
543 1601 579 1629 c.
596 1589 646 1629 14
663 1587 722 1641 (p.
744 1589 834 1639 111,
854 1586 917 1639 14)
939 1595 1041 1630 ante
1061 1589 1301 1642 grauiorem
1319 1589 1437 1630 illam
1457 1590 1658 1630 lacunam
1677 1589 1877 1631 uoculam
1895 1591 1975 1640 τοῦ,
1997 1601 2108 1642 quae
2126 1588 2172 1630 in

393 1651 427 1695 X
449 1661 498 1695 ut
520 1654 693 1696 uidetur
713 1655 757 1695 in
778 1659 833 1696 tot
854 1655 1034 1706 abierat,
1055 1666 1193 1707 parua
1213 1656 1368 1696 lacuna
1389 1655 1580 1697 indicata
1602 1655 1746 1697 omisit
1754 1670 1764 1706 ;
1786 1669 1821 1697 c.
1840 1656 1892 1697 25
1912 1654 1971 1708 (p.
1991 1655 2083 1706 119,
2103 1653 2170 1705 12)

389 1722 497 1771 item,
523 1721 639 1773 quod
662 1728 839 1773 propter
862 1721 995 1762 uerba
1017 1727 1185 1763 senatus
1209 1723 1439 1763 consultum
1461 1721 1546 1772 (uel
1568 1720 1654 1772 s.c.)
1681 1722 1856 1775 delapsa
1878 1734 2006 1763 sensu
2027 1733 2171 1763 carere

390 1787 633 1838 uidebatur,
656 1788 799 1840 spatio
821 1800 960 1828 uacuo
982 1788 1131 1829 relicto
1153 1795 1196 1829 et
1218 1801 1342 1829 cruce
1364 1788 1674 1840 desperationis
1697 1788 1879 1841 margini
1904 1787 2047 1829 adfixa
2065 1786 2172 1828 omi-

388 1853 443 1895 sit
451 1867 460 1904 ;
484 1853 666 1894 eandem
689 1854 901 1895 rationem
924 1867 959 1895 e.
980 1855 1031 1895 29
1048 1853 1107 1907 (p.
1131 1855 1223 1905 125,
1236 1853 1276 1904 4)
1293 1855 1367 1895 ubi
1388 1856 1482 1896 tibet
1503 1855 1548 1895 in
1573 1852 1608 1895 X
1629 1855 1766 1908 legere
1788 1854 1976 1896 debebat
1996 1860 2171 1896 secutus

388 1926 466 1961 est.
497 1920 545 1961 C.
559 1921 610 1961 25
626 1919 684 1972 (p.
701 1921 792 1971 122,
809 1918 873 1970 18)
888 1920 962 1961 ubi
976 1926 1064 1961 tum
1079 1921 1225 1962 iamin
1240 1918 1274 1961 X
1290 1921 1334 1962 in
1349 1922 1396 1962 in
1411 1928 1664 1974 corruptum
1679 1934 1768 1962 esse
1785 1920 1957 1963 uidetur
1970 1919 2171 1962 librarius

390 1983 427 2026 Ο
447 1986 527 2027 hoc
546 1987 727 2027 uerbum
746 1986 922 2029 omnino
941 1987 1087 2029 omisit
1105 2000 1243 2040 neque
1261 1987 1463 2029 lacunam
1481 1988 1703 2029 indicauit.
1753 1989 1868 2029 Item
1885 2000 1920 2029 c.
1934 1985 2055 2039 24(p.
2071 1985 2165 2036 118,

392 2051 471 2103 10),
491 2052 566 2093 ubi
586 2053 897 2094 Hersfeldensis
915 2053 1022 2094 liber
1041 2054 1112 2095 hos
1131 2067 1224 2094 cum
1242 2055 1457 2107 diligenter
1475 2060 1648 2107 repetere
1665 2053 1760 2106 (pro
1777 2058 1968 2106 repeteret
1986 2059 2039 2106 ut,
2055 2051 2172 2095 uide-

390 2116 472 2169 tur)
494 2119 753 2170 testabatur,
773 2125 948 2172 repetere
966 2120 1010 2160 in
1028 2127 1208 2173 recepere
1226 2120 1332 2162 satis
1349 2112 1495 2173 inepte
1514 2121 1704 2162 mutauit
1723 2127 1766 2162 et
1785 2133 1878 2161 cum
1896 2119 2108 2170 consulto,
2127 2119 2173 2160 ni

388 2185 524 2236 fallor,
548 2185 706 2227 omisit.
757 2187 915 2228 Vtrum
937 2199 973 2227 c.
992 2187 1014 2226 2
1037 2185 1095 2238 (p.
1116 2187 1208 2237 101,
1227 2184 1266 2237 7)
1289 2186 1486 2228 librarius
1510 2184 1548 2228 O
1571 2200 1719 2228 ueram
1739 2186 1998 2239 scripturam
2017 2185 2172 2226 noerius

389 2251 440 2292 de
461 2251 674 2293 industria
695 2252 932 2294 restituerit
954 2252 1024 2293 uix
1046 2253 1265 2294 diiudices.
1318 2253 1367 2294 C.
1385 2254 1438 2294 30
1453 2252 1512 2305 (p.
1533 2252 1625 2304 127,
1641 2252 1681 2303 4)
1705 2250 1742 2294 Ο
1766 2253 1880 2294 solus
1900 2252 2020 2294 illam
2038 2251 2171 2304 scrip-

389 2325 532 2358 turam
552 2331 599 2358 ac
616 2317 711 2370 (pro
730 2317 780 2369 et)
804 2331 914 2371 quae
935 2325 1045 2360 teste
1065 2319 1322 2360 Decembrio
1342 2319 1386 2360 in
1406 2319 1698 2361 Hersfeldensi
1720 2320 1830 2360 libro
1854 2325 1947 2360 erat
1969 2317 2167 2371 praebet3

387 2383 460 2424 sed
477 2397 734 2436 magnopere
750 2385 903 2426 dubito
918 2398 974 2426 an
991 2398 1147 2438 magna
1163 2386 1267 2427 fides
1284 2386 1541 2427 Decembrio
1557 2392 1649 2427 tam
1663 2386 1809 2438 paruis
1825 2385 1951 2427 rebus
1966 2383 2168 2426 habenda

386 2450 455 2491 sit.
493 2450 736 2491 Librarium
757 2448 794 2492 Ο
815 2465 875 2502 ac,
900 2456 949 2501 et,
975 2457 1106 2504 atque,
1126 2452 1220 2493 aliis
1238 2452 1342 2494 locis
1360 2453 1473 2493 inter
1491 2466 1534 2493 se
1554 2452 1797 2493 confudisse
1820 2466 1842 2493 e
1865 2446 2018 2493 tabula
2040 2462 2171 2503 supra

391 2516 448 2568 (p.
466 2517 519 2557 45
541 2515 625 2568 sq.)
649 2517 841 2559 exhibita
862 2518 1211 2559 animaduersum
1241 2526 1319 2560 est.
1378 2519 1474 2559 Alia
1504 2519 1556 2559 de
1585 2518 1799 2560 industria
1827 2517 2062 2559 immutata
2081 2529 2172 2558 esse

387 2582 602 2633 uidentur,
620 2590 669 2624 ut
683 2582 741 2635 (p.
759 2584 825 2634 98,
843 2581 882 2634 9)
901 2584 1069 2625 Staberi
1085 2584 1228 2626 Erotis
1244 2598 1401 2626 nomen
1417 2585 1461 2625 in
1475 2585 1662 2625 indicem
1677 2584 1903 2634 insertum;
1919 2596 1956 2625 c.
1968 2584 1993 2624 3
2004 2581 2064 2635 (p.
2079 2582 2171 2632 102,

389 2647 452 2699 14)
482 2650 792 2701 quadringentis
819 2660 898 2702 pro
925 2651 1234 2703 quadringeniS,
1263 2658 1307 2692 et
1335 2665 1370 2692 c.
1394 2652 1444 2691 23
1473 2650 1531 2703 (p.
1557 2650 1648 2702 117,
1673 2649 1738 2701 16)
1768 2651 2067 2704 quadringenta
2092 2661 2172 2701 pro

384 2716 684 2767 quadringena3
707 2729 742 2756 c.
765 2717 813 2756 18
834 2715 892 2768 (p.
920 2716 1010 2766 114,
1029 2715 1068 2767 4)
1092 2718 1399 2769 cognominauit
1419 2730 1497 2769 pro
1517 2717 1883 2758 transnominauit.
1933 2715 2172 2758 Verborum

387 2781 492 2822 ordo
511 2781 680 2833 saepius
700 2783 944 2832 mutatuS,³¹
963 2794 1103 2834 pauca
1122 2783 1254 2824 uerba
1273 2784 1443 2834 omissa,
1465 2790 1514 2824 ut
1534 2797 1568 2824 c.
1590 2784 1639 2824 16
1657 2782 1715 2836 (p.
1737 2784 1828 2834 113,
1845 2780 1886 2834 3)
1906 2787 1956 2833 et,
1976 2781 2083 2823 sorti
2101 2780 2172 2823 de-

388 2847 477 2888 beri
504 2847 718 2888 uidentur.
775 2849 962 2889 Omnino
988 2849 1120 2890 codex
1149 2846 1185 2889 O
1214 2850 1272 2890 eis
1301 2850 1417 2890 uitiis
1445 2863 1554 2901 quae
1581 2863 1656 2902 per
1682 2849 1829 2890 librari
1854 2847 2167 2901 neglegentiam

474 2979 501 3001 ⁸⁰
512 2979 555 3013 In
566 2990 627 3013 ora
640 2979 844 3022 exemplaris
856 2979 1178 3014 Reifferscheidiani
1191 2980 1338 3014 Vahleni
1350 2991 1457 3015 manu
1470 2980 1639 3023 scriptum
1651 2980 1820 3014 neruntiat
1831 2979 1965 3022 inueni,
1973 2978 2070 3022 quod
2080 2978 2173 3013 hunc

386 3044 535 3068 errorem
552 3034 684 3077 optime
701 3035 870 3077 explicare
886 3035 972 3069 mihi
989 3035 1140 3070 uidetur.
1186 3036 1229 3069 In
1246 3035 1363 3078 aliquo
1381 3036 1626 3078 antiquissimo
1643 3035 1761 3070 codice
1776 3034 1937 3069 librarius
1952 3034 2173 3077 neglegenter

386 3090 612 3123 neruntiatum
628 3101 692 3132 pro
708 3091 934 3124 renuntiatum
952 3090 1099 3133 scripsit.
1147 3091 1329 3125 Corrector
1340 3091 1465 3133 aliquis
1477 3092 1677 3125 —runtiatum
1693 3090 1730 3125 in
1747 3090 1975 3124 renuntiatum
1991 3089 2080 3124 bene
2095 3099 2170 3123 cor·

385 3144 483 3187 rexit,
497 3144 557 3179 sed
569 3145 734 3187 originem
745 3145 836 3179 illius
848 3157 902 3179 ne-
925 3156 995 3179 non
1007 3146 1216 3188 perspiciens
1228 3146 1263 3179 id
1275 3157 1344 3180 non
1358 3147 1510 3188 sustulit,
1527 3147 1620 3180 unde
1632 3150 1789 3180 exortum
1802 3150 1856 3179 est
1868 3155 1909 3178 ne
1923 3144 2168 3178 renuntiatum.

473 3201 497 3221 ⁸¹
511 3199 598 3234 Vide
613 3211 717 3242 supra
732 3212 766 3243 p.
783 3201 825 3234 45
842 3211 894 3242 sq.
