<?xml version="1.0" encoding="UTF-8"?>
<!DOCTYPE html PUBLIC "-//W3C//DTD XHTML 1.0 Transitional//EN"
    "http://www.w3.org/TR/xhtml1/DTD/xhtml1-transitional.dtd">
<html xmlns="http://www.w3.org/1999/xhtml" xml:lang="en" lang="en">
 <head>
  <title>
</title>
<meta http-equiv="Content-Type" content="text/html;charset=utf-8" />
  <meta name='ocr-system' content='tesseract 3.04.00' />
  <meta name='ocr-capabilities' content='ocr_page ocr_carea ocr_par ocr_line ocrx_word'/>
</head>
<body>
  <div class='ocr_page' id='page_1' title='image "./defragmentisueto00robiuoft_0195.png"; bbox 0 0 2340 3840; ppageno 0'>
   <div class='ocr_carea' id='block_1_1' title="bbox 155 344 1960 389">
    <p class='ocr_par' dir='ltr' id='par_1_1' title="bbox 155 344 1960 389">
     <span class='ocr_line' id='line_1_1' title="bbox 155 344 1960 389; baseline 0.001 -10"><span class='ocrx_word' id='word_1_1' title='bbox 155 344 234 389; x_wconf 79' lang='lat'><strong>6911</strong></span> <span class='ocrx_word' id='word_1_2' title='bbox 556 345 621 379; x_wconf 89' lang='lat' dir='ltr'>ET</span> <span class='ocrx_word' id='word_1_3' title='bbox 637 345 947 381; x_wconf 88' lang='lat' dir='ltr'><strong>RHETORIBVS</strong></span> <span class='ocrx_word' id='word_1_4' title='bbox 963 345 1191 382; x_wconf 91' lang='lat' dir='ltr'>CODICVM</span> <span class='ocrx_word' id='word_1_5' title='bbox 1208 346 1346 382; x_wconf 91' lang='lat' dir='ltr'><strong>NEXV</strong></span> <span class='ocrx_word' id='word_1_6' title='bbox 1362 346 1426 380; x_wconf 92' lang='lat' dir='ltr'>ET</span> <span class='ocrx_word' id='word_1_7' title='bbox 1442 347 1558 382; x_wconf 90' lang='lat' dir='ltr'><strong>FIDE</strong></span> <span class='ocrx_word' id='word_1_8' title='bbox 1898 347 1960 381; x_wconf 88' lang='lat'>191</span> 
     </span>
    </p>
   </div>
   <div class='ocr_carea' id='block_1_2' title="bbox 154 456 1963 1381">
    <p class='ocr_par' dir='ltr' id='par_1_2' title="bbox 154 456 1963 1381">
     <span class='ocr_line' id='line_1_2' title="bbox 239 456 1961 511; baseline 0.001 -12"><span class='ocrx_word' id='word_1_9' title='bbox 239 456 428 500; x_wconf 85' lang='lat' dir='ltr'>Duabus</span> <span class='ocrx_word' id='word_1_10' title='bbox 444 456 573 499; x_wconf 87' lang='lat' dir='ltr'>rebus</span> <span class='ocrx_word' id='word_1_11' title='bbox 589 457 716 511; x_wconf 89' lang='lat' dir='ltr'>longe</span> <span class='ocrx_word' id='word_1_12' title='bbox 733 469 760 499; x_wconf 84' lang='lat' dir='ltr'>a</span> <span class='ocrx_word' id='word_1_13' title='bbox 778 469 875 499; x_wconf 87' lang='lat' dir='ltr'>mea</span> <span class='ocrx_word' id='word_1_14' title='bbox 892 456 1096 510; x_wconf 88' lang='lat' dir='ltr'>opinione</span> <span class='ocrx_word' id='word_1_15' title='bbox 1113 457 1298 500; x_wconf 87' lang='lat' dir='ltr'>discedit</span> <span class='ocrx_word' id='word_1_16' title='bbox 1316 457 1519 509; x_wconf 89' lang='lat' dir='ltr'>Scheuer;</span> <span class='ocrx_word' id='word_1_17' title='bbox 1536 457 1679 511; x_wconf 89' lang='lat' dir='ltr'>primo</span> <span class='ocrx_word' id='word_1_18' title='bbox 1697 458 1815 511; x_wconf 91' lang='lat' dir='ltr'>quod</span> <span class='ocrx_word' id='word_1_19' title='bbox 1832 459 1961 501; x_wconf 92' lang='lat' dir='ltr'>Otto-</span> 
     </span>
     <span class='ocr_line' id='line_1_3' title="bbox 157 521 1961 568; baseline 0.001 -2"><span class='ocrx_word' id='word_1_20' title='bbox 157 523 398 567; x_wconf 70' lang='lat' dir='ltr'>bonianum</span> <span class='ocrx_word' id='word_1_21' title='bbox 414 530 459 566; x_wconf 85' lang='lat' dir='ltr'>et</span> <span class='ocrx_word' id='word_1_22' title='bbox 475 523 859 566; x_wconf 81' lang='lat' dir='ltr'>vindobonensem</span> <span class='ocrx_word' id='word_1_23' title='bbox 875 523 1045 566; x_wconf 90' lang='lat' dir='ltr'>codices</span> <span class='ocrx_word' id='word_1_24' title='bbox 1061 537 1150 566; x_wconf 92' lang='lat' dir='ltr'>non</span> <span class='ocrx_word' id='word_1_25' title='bbox 1166 538 1189 566; x_wconf 89' lang='lat' dir='ltr'>e</span> <span class='ocrx_word' id='word_1_26' title='bbox 1204 524 1340 566; x_wconf 83' lang='lat' dir='ltr'>fratre</span> <span class='ocrx_word' id='word_1_27' title='bbox 1356 524 1433 566; x_wconf 91' lang='lat' dir='ltr'>sed</span> <span class='ocrx_word' id='word_1_28' title='bbox 1449 538 1472 566; x_wconf 93' lang='lat' dir='ltr'>e</span> <span class='ocrx_word' id='word_1_29' title='bbox 1488 524 1578 566; x_wconf 87' lang='lat' dir='ltr'>filio</span> <span class='ocrx_word' id='word_1_30' title='bbox 1594 524 1754 567; x_wconf 88' lang='lat' dir='ltr'>codicis</span> <span class='ocrx_word' id='word_1_31' title='bbox 1780 521 1816 567; x_wconf 91' lang='lat' dir='ltr'>Y</span> <span class='ocrx_word' id='word_1_32' title='bbox 1842 531 1961 568; x_wconf 89' lang='lat' dir='ltr'>tran·</span> 
     </span>
     <span class='ocr_line' id='line_1_4' title="bbox 154 589 1962 645; baseline 0.001 -12"><span class='ocrx_word' id='word_1_33' title='bbox 154 589 340 645; x_wconf 79' lang='lat' dir='ltr'>scriptos</span> <span class='ocrx_word' id='word_1_34' title='bbox 375 590 561 642; x_wconf 80' lang='lat' dir='ltr'>iudicat3</span> <span class='ocrx_word' id='word_1_35' title='bbox 594 590 751 633; x_wconf 87' lang='lat' dir='ltr'>deinde</span> <span class='ocrx_word' id='word_1_36' title='bbox 784 591 903 644; x_wconf 91' lang='lat' dir='ltr'>quod</span> <span class='ocrx_word' id='word_1_37' title='bbox 935 604 958 633; x_wconf 90' lang='lat' dir='ltr'>e</span> <span class='ocrx_word' id='word_1_38' title='bbox 1000 591 1219 633; x_wconf 85' lang='lat' dir='ltr'>contrario</span> <span class='ocrx_word' id='word_1_39' title='bbox 1251 591 1516 634; x_wconf 85' lang='lat' dir='ltr'>Vaticanum</span> <span class='ocrx_word' id='word_1_40' title='bbox 1552 593 1657 633; x_wconf 90' lang='lat'><strong>1862</strong></span> <span class='ocrx_word' id='word_1_41' title='bbox 1690 598 1735 634; x_wconf 91' lang='lat' dir='ltr'>et</span> <span class='ocrx_word' id='word_1_42' title='bbox 1767 591 1962 634; x_wconf 89' lang='lat' dir='ltr'>codicem</span> 
     </span>
     <span class='ocr_line' id='line_1_5' title="bbox 155 654 1962 713; baseline -0.001 -12"><span class='ocrx_word' id='word_1_43' title='bbox 155 657 483 701; x_wconf 77' lang='lat' dir='ltr'>Pontanianum</span> <span class='ocrx_word' id='word_1_44' title='bbox 503 670 592 700; x_wconf 92' lang='lat' dir='ltr'>non</span> <span class='ocrx_word' id='word_1_45' title='bbox 605 671 628 700; x_wconf 88' lang='lat' dir='ltr'>e</span> <span class='ocrx_word' id='word_1_46' title='bbox 641 657 804 700; x_wconf 89' lang='lat' dir='ltr'>codicis</span> <span class='ocrx_word' id='word_1_47' title='bbox 819 654 855 700; x_wconf 88' lang='lat' dir='ltr'>Y</span> <span class='ocrx_word' id='word_1_48' title='bbox 869 657 974 710; x_wconf 91' lang='lat' dir='ltr'>filio,</span> <span class='ocrx_word' id='word_1_49' title='bbox 990 665 1041 700; x_wconf 90' lang='lat' dir='ltr'>ut</span> <span class='ocrx_word' id='word_1_50' title='bbox 1057 671 1136 711; x_wconf 88' lang='lat' dir='ltr'>ego</span> <span class='ocrx_word' id='word_1_51' title='bbox 1151 671 1318 710; x_wconf 89' lang='lat' dir='ltr'>censeo,</span> <span class='ocrx_word' id='word_1_52' title='bbox 1335 658 1412 700; x_wconf 91' lang='lat' dir='ltr'>sed</span> <span class='ocrx_word' id='word_1_53' title='bbox 1427 672 1479 700; x_wconf 85' lang='lat' dir='ltr'>ex</span> <span class='ocrx_word' id='word_1_54' title='bbox 1493 658 1585 701; x_wconf 89' lang='lat' dir='ltr'>eius</span> <span class='ocrx_word' id='word_1_55' title='bbox 1600 658 1736 701; x_wconf 78' lang='lat' dir='ltr'>fratre</span> <span class='ocrx_word' id='word_1_56' title='bbox 1752 658 1962 713; x_wconf 88' lang='lat' dir='ltr'>originem</span> 
     </span>
     <span class='ocr_line' id='line_1_6' title="bbox 155 723 1962 778; baseline 0 -11"><span class='ocrx_word' id='word_1_57' title='bbox 155 723 338 768; x_wconf 75' lang='lat' dir='ltr'>traxisse</span> <span class='ocrx_word' id='word_1_58' title='bbox 365 723 602 768; x_wconf 84' lang='lat' dir='ltr'>existimat.</span> <span class='ocrx_word' id='word_1_59' title='bbox 661 724 759 778; x_wconf 90' lang='lat' dir='ltr'>Quo</span> <span class='ocrx_word' id='word_1_60' title='bbox 786 724 878 766; x_wconf 90' lang='lat' dir='ltr'>iure</span> <span class='ocrx_word' id='word_1_61' title='bbox 909 724 1095 767; x_wconf 90' lang='lat' dir='ltr'>Scheuer</span> <span class='ocrx_word' id='word_1_62' title='bbox 1123 724 1476 767; x_wconf 87' lang='lat' dir='ltr'>Ottobonianum</span> <span class='ocrx_word' id='word_1_63' title='bbox 1504 731 1550 768; x_wconf 87' lang='lat' dir='ltr'>et</span> <span class='ocrx_word' id='word_1_64' title='bbox 1578 725 1962 767; x_wconf 79' lang='lat' dir='ltr'>vindobonensem</span> 
     </span>
     <span class='ocr_line' id='line_1_7' title="bbox 155 787 1962 846; baseline -0.001 -12"><span class='ocrx_word' id='word_1_65' title='bbox 155 791 326 834; x_wconf 85' lang='lat' dir='ltr'>codices</span> <span class='ocrx_word' id='word_1_66' title='bbox 342 791 400 834; x_wconf 81' lang='lat' dir='ltr'>ad</span> <span class='ocrx_word' id='word_1_67' title='bbox 416 791 707 846; x_wconf 83' lang='lat' dir='ltr'>archetypum</span> <span class='ocrx_word' id='word_1_68' title='bbox 725 787 762 833; x_wconf 92' lang='lat' dir='ltr'>Y</span> <span class='ocrx_word' id='word_1_69' title='bbox 777 791 937 834; x_wconf 85' lang='lat' dir='ltr'>referat</span> <span class='ocrx_word' id='word_1_70' title='bbox 953 805 1043 833; x_wconf 91' lang='lat' dir='ltr'>non</span> <span class='ocrx_word' id='word_1_71' title='bbox 1059 791 1237 843; x_wconf 90' lang='lat' dir='ltr'>extrico‚</span> <span class='ocrx_word' id='word_1_72' title='bbox 1255 804 1396 845; x_wconf 88' lang='lat' dir='ltr'>neque</span> <span class='ocrx_word' id='word_1_73' title='bbox 1413 791 1483 833; x_wconf 90' lang='lat' dir='ltr'>ille</span> <span class='ocrx_word' id='word_1_74' title='bbox 1501 791 1738 845; x_wconf 90' lang='lat' dir='ltr'>quicquam</span> <span class='ocrx_word' id='word_1_75' title='bbox 1754 791 1838 833; x_wconf 90' lang='lat' dir='ltr'>nisi</span> <span class='ocrx_word' id='word_1_76' title='bbox 1852 804 1962 845; x_wconf 90' lang='lat' dir='ltr'>pau-</span> 
     </span>
     <span class='ocr_line' id='line_1_8' title="bbox 155 857 1961 912; baseline -0.001 -11"><span class='ocrx_word' id='word_1_77' title='bbox 155 857 328 901; x_wconf 79' lang='lat' dir='ltr'>cissima</span> <span class='ocrx_word' id='word_1_78' title='bbox 354 864 490 912; x_wconf 84' lang='lat' dir='ltr'>atque</span> <span class='ocrx_word' id='word_1_79' title='bbox 516 858 737 901; x_wconf 86' lang='lat' dir='ltr'>leuissima</span> <span class='ocrx_word' id='word_1_80' title='bbox 763 859 1076 912; x_wconf 80' lang='lat' dir='ltr'>argumenta³⁷²</span> <span class='ocrx_word' id='word_1_81' title='bbox 1100 858 1158 900; x_wconf 89' lang='lat' dir='ltr'>ad</span> <span class='ocrx_word' id='word_1_82' title='bbox 1185 858 1299 900; x_wconf 92' lang='lat' dir='ltr'>hanc</span> <span class='ocrx_word' id='word_1_83' title='bbox 1331 858 1582 912; x_wconf 91' lang='lat' dir='ltr'>opinionem</span> <span class='ocrx_word' id='word_1_84' title='bbox 1615 858 1961 900; x_wconf 87' lang='lat' dir='ltr'>confirmandam</span> 
     </span>
     <span class='ocr_line' id='line_1_9' title="bbox 154 923 1962 979; baseline -0.001 -11"><span class='ocrx_word' id='word_1_85' title='bbox 154 924 354 979; x_wconf 85' lang='lat' dir='ltr'>protulit.</span> <span class='ocrx_word' id='word_1_86' title='bbox 401 925 531 978; x_wconf 90' lang='lat' dir='ltr'>Quod</span> <span class='ocrx_word' id='word_1_87' title='bbox 546 925 682 968; x_wconf 86' lang='lat' dir='ltr'>etiam</span> <span class='ocrx_word' id='word_1_88' title='bbox 701 925 911 979; x_wconf 86' lang='lat' dir='ltr'>Georgius</span> <span class='ocrx_word' id='word_1_89' title='bbox 928 925 1205 967; x_wconf 90' lang='lat' dir='ltr'>Andresenus</span> <span class='ocrx_word' id='word_1_90' title='bbox 1222 924 1490 978; x_wconf 88' lang='lat' dir='ltr'>recognouit,</span> <span class='ocrx_word' id='word_1_91' title='bbox 1509 923 1598 978; x_wconf 90' lang='lat' dir='ltr'>qui,</span> <span class='ocrx_word' id='word_1_92' title='bbox 1617 937 1888 978; x_wconf 89' lang='lat' dir='ltr'>quamquam</span> <span class='ocrx_word' id='word_1_93' title='bbox 1905 925 1962 968; x_wconf 84' lang='lat' dir='ltr'>ad</span> 
     </span>
     <span class='ocr_line' id='line_1_10' title="bbox 156 991 1962 1046; baseline -0.001 -11"><span class='ocrx_word' id='word_1_94' title='bbox 156 991 361 1036; x_wconf 85' lang='lat' dir='ltr'>Scheueri</span> <span class='ocrx_word' id='word_1_95' title='bbox 373 991 624 1046; x_wconf 85' lang='lat' dir='ltr'>opinionem</span> <span class='ocrx_word' id='word_1_96' title='bbox 637 991 893 1044; x_wconf 83' lang='lat' dir='ltr'>inclinabat,</span> <span class='ocrx_word' id='word_1_97' title='bbox 908 992 991 1033; x_wconf 90' lang='lat' dir='ltr'>hoc</span> <span class='ocrx_word' id='word_1_98' title='bbox 1003 991 1215 1034; x_wconf 91' lang='lat' dir='ltr'>iudicium</span> <span class='ocrx_word' id='word_1_99' title='bbox 1228 991 1282 1033; x_wconf 94' lang='lat' dir='ltr'>de</span> <span class='ocrx_word' id='word_1_100' title='bbox 1293 991 1485 1045; x_wconf 85' lang='lat' dir='ltr'>patrueli</span> <span class='ocrx_word' id='word_1_101' title='bbox 1497 991 1750 1033; x_wconf 91' lang='lat' dir='ltr'>condicione</span> <span class='ocrx_word' id='word_1_102' title='bbox 1763 991 1962 1034; x_wconf 91' lang='lat' dir='ltr'>codicum</span> 
     </span>
     <span class='ocr_line' id='line_1_11' title="bbox 157 1055 1961 1112; baseline -0.001 -10"><span class='ocrx_word' id='word_1_103' title='bbox 157 1055 197 1101; x_wconf 90' lang='grc'><strong>0</strong></span> <span class='ocrx_word' id='word_1_104' title='bbox 223 1055 278 1101; x_wconf 81' lang='lat' dir='ltr'>W</span> <span class='ocrx_word' id='word_1_105' title='bbox 302 1065 349 1102; x_wconf 90' lang='lat' dir='ltr'>et</span> <span class='ocrx_word' id='word_1_106' title='bbox 373 1055 416 1101; x_wconf 89' lang='lat' dir='ltr'>N</span> <span class='ocrx_word' id='word_1_107' title='bbox 441 1055 462 1101; x_wconf 89' lang='lat' dir='ltr'>I</span> <span class='ocrx_word' id='word_1_108' title='bbox 487 1059 642 1101; x_wconf 80' lang='lat' dir='ltr'>altiore</span> <span class='ocrx_word' id='word_1_109' title='bbox 666 1058 949 1112; x_wconf 89' lang='lat' dir='ltr'>inquisitione</span> <span class='ocrx_word' id='word_1_110' title='bbox 974 1072 1098 1112; x_wconf 88' lang='lat' dir='ltr'>egere</span> <span class='ocrx_word' id='word_1_111' title='bbox 1122 1058 1404 1100; x_wconf 74' lang='lat' dir='ltr'>censuerit.³⁷³</span> <span class='ocrx_word' id='word_1_112' title='bbox 1457 1059 1601 1110; x_wconf 89' lang='lat' dir='ltr'>Quam</span> <span class='ocrx_word' id='word_1_113' title='bbox 1631 1057 1961 1111; x_wconf 88' lang='lat' dir='ltr'>inquisitionem</span> 
     </span>
     <span class='ocr_line' id='line_1_12' title="bbox 155 1124 1963 1179; baseline -0.002 -10"><span class='ocrx_word' id='word_1_114' title='bbox 155 1125 359 1169; x_wconf 80' lang='lat' dir='ltr'>Alfredus</span> <span class='ocrx_word' id='word_1_115' title='bbox 386 1126 701 1169; x_wconf 85' lang='lat' dir='ltr'>Gudemannus</span> <span class='ocrx_word' id='word_1_116' title='bbox 726 1125 773 1167; x_wconf 91' lang='lat' dir='ltr'>in</span> <span class='ocrx_word' id='word_1_117' title='bbox 797 1125 936 1167; x_wconf 89' lang='lat' dir='ltr'>altera</span> <span class='ocrx_word' id='word_1_118' title='bbox 961 1124 1153 1167; x_wconf 89' lang='lat' dir='ltr'>editione</span> <span class='ocrx_word' id='word_1_119' title='bbox 1178 1137 1218 1167; x_wconf 89' lang='lat' dir='ltr'>a.</span> <span class='ocrx_word' id='word_1_120' title='bbox 1250 1126 1357 1167; x_wconf 91' lang='lat'>1914</span> <span class='ocrx_word' id='word_1_121' title='bbox 1381 1125 1616 1167; x_wconf 89' lang='lat' dir='ltr'>instituens</span> <span class='ocrx_word' id='word_1_122' title='bbox 1643 1124 1846 1167; x_wconf 89' lang='lat' dir='ltr'>Scheueri</span> <span class='ocrx_word' id='word_1_123' title='bbox 1870 1124 1963 1179; x_wconf 90' lang='lat' dir='ltr'>opi·</span> 
     </span>
     <span class='ocr_line' id='line_1_13' title="bbox 155 1191 1963 1246; baseline -0.001 -11"><span class='ocrx_word' id='word_1_124' title='bbox 155 1192 332 1236; x_wconf 88' lang='lat' dir='ltr'>nionem</span> <span class='ocrx_word' id='word_1_125' title='bbox 345 1192 504 1236; x_wconf 78' lang='lat' dir='ltr'>falsam</span> <span class='ocrx_word' id='word_1_126' title='bbox 518 1206 610 1235; x_wconf 86' lang='lat' dir='ltr'>esse</span> <span class='ocrx_word' id='word_1_127' title='bbox 624 1192 784 1246; x_wconf 86' lang='lat' dir='ltr'>arguit,</span> <span class='ocrx_word' id='word_1_128' title='bbox 799 1198 935 1245; x_wconf 88' lang='lat' dir='ltr'>atque</span> <span class='ocrx_word' id='word_1_129' title='bbox 950 1191 1120 1234; x_wconf 91' lang='lat' dir='ltr'>codices</span> <span class='ocrx_word' id='word_1_130' title='bbox 1141 1191 1494 1234; x_wconf 88' lang='lat' dir='ltr'>Ottobonianum</span> <span class='ocrx_word' id='word_1_131' title='bbox 1514 1197 1559 1234; x_wconf 93' lang='lat' dir='ltr'>et</span> <span class='ocrx_word' id='word_1_132' title='bbox 1580 1191 1963 1234; x_wconf 80' lang='lat' dir='ltr'>vindobonensem</span> 
     </span>
     <span class='ocr_line' id='line_1_14' title="bbox 155 1258 1961 1312; baseline -0.001 -9"><span class='ocrx_word' id='word_1_133' title='bbox 155 1259 328 1303; x_wconf 75' lang='lat' dir='ltr'>diuersa</span> <span class='ocrx_word' id='word_1_134' title='bbox 343 1259 418 1303; x_wconf 79' lang='lat' dir='ltr'>uia</span> <span class='ocrx_word' id='word_1_135' title='bbox 431 1272 484 1302; x_wconf 81' lang='lat' dir='ltr'>ac</span> <span class='ocrx_word' id='word_1_136' title='bbox 499 1266 666 1302; x_wconf 92' lang='lat' dir='ltr'>ceteros</span> <span class='ocrx_word' id='word_1_137' title='bbox 681 1259 891 1312; x_wconf 88' lang='lat' dir='ltr'>originem</span> <span class='ocrx_word' id='word_1_138' title='bbox 907 1273 959 1301; x_wconf 88' lang='lat' dir='ltr'>ex</span> <span class='ocrx_word' id='word_1_139' title='bbox 975 1258 1271 1301; x_wconf 80' lang='lat' dir='ltr'>Hersfeldensi</span> <span class='ocrx_word' id='word_1_140' title='bbox 1286 1259 1398 1300; x_wconf 92' lang='lat' dir='ltr'>libro</span> <span class='ocrx_word' id='word_1_141' title='bbox 1414 1259 1586 1301; x_wconf 87' lang='lat' dir='ltr'>trahere</span> <span class='ocrx_word' id='word_1_142' title='bbox 1602 1265 1719 1301; x_wconf 90' lang='lat' dir='ltr'>recte</span> <span class='ocrx_word' id='word_1_143' title='bbox 1735 1258 1961 1301; x_wconf 90' lang='lat' dir='ltr'>iudicauit.</span> 
     </span>
     <span class='ocr_line' id='line_1_15' title="bbox 155 1326 1151 1381; baseline -0.001 -13"><span class='ocrx_word' id='word_1_144' title='bbox 155 1327 254 1370; x_wconf 90' lang='lat' dir='ltr'>Hoc</span> <span class='ocrx_word' id='word_1_145' title='bbox 270 1326 404 1381; x_wconf 87' lang='lat' dir='ltr'>igitur</span> <span class='ocrx_word' id='word_1_146' title='bbox 420 1333 611 1369; x_wconf 82' lang='lat' dir='ltr'>stemma</span> <span class='ocrx_word' id='word_1_147' title='bbox 628 1326 796 1368; x_wconf 87' lang='lat' dir='ltr'>effinxit</span> <span class='ocrx_word' id='word_1_148' title='bbox 817 1326 1151 1368; x_wconf 88' lang='lat' dir='ltr'>Gudemannus:</span> 
     </span>
    </p>
   </div>
   <div class='ocr_carea' id='block_1_3' title="bbox 801 1427 1315 1479">
    <p class='ocr_par' dir='ltr' id='par_1_3' title="bbox 801 1427 1315 1479">
     <span class='ocr_line' id='line_1_16' title="bbox 801 1427 1315 1479; baseline 0 -9"><span class='ocrx_word' id='word_1_149' title='bbox 801 1427 966 1479; x_wconf 86' lang='lat' dir='ltr'>[Codex</span> <span class='ocrx_word' id='word_1_150' title='bbox 988 1427 1315 1479; x_wconf 85' lang='lat' dir='ltr'>Hersfeldensis]</span> 
     </span>
    </p>
   </div>
   <div class='ocr_carea' id='block_1_4' title="bbox 437 1627 1875 1836">
    <p class='ocr_par' dir='ltr' id='par_1_4' title="bbox 437 1627 1875 1836">
     <span class='ocr_line' id='line_1_17' title="bbox 437 1627 1875 1836; baseline -0.001 -118"><span class='ocrx_word' id='word_1_151' title='bbox 437 1629 551 1718; x_wconf 79' lang='lat' dir='ltr'>[x]</span> <span class='ocrx_word' id='word_1_152' title='bbox 1073 1627 1191 1717; x_wconf 61' lang='grc' dir='ltr'>[Υ]</span> <span class='ocrx_word' id='word_1_153' title='bbox 1556 1628 1875 1836; x_wconf 49' lang='lat' dir='ltr'>L</span> 
     </span>
    </p>
   </div>
   <div class='ocr_carea' id='block_1_5' title="bbox 159 1837 1962 2291">
    <p class='ocr_par' dir='ltr' id='par_1_5' title="bbox 159 1837 1962 2291">
     <span class='ocr_line' id='line_1_18' title="bbox 159 1837 1962 1957; baseline 0.005 -52"><span class='ocrx_word' id='word_1_154' title='bbox 159 1859 288 1916; x_wconf 69' lang='grc' dir='ltr'>ια)</span> <span class='ocrx_word' id='word_1_155' title='bbox 418 1839 552 1955; x_wconf 63' lang='lat' dir='ltr'>[m.</span> <span class='ocrx_word' id='word_1_156' title='bbox 598 1837 840 1957; x_wconf 61' lang='lat' dir='ltr'>romani]</span> <span class='ocrx_word' id='word_1_157' title='bbox 873 1860 993 1915; x_wconf 67' lang='lat' dir='ltr'>cm&gt;</span> <span class='ocrx_word' id='word_1_158' title='bbox 1033 1863 1160 1915; x_wconf 73' lang='lat' dir='ltr'>nu&gt;</span> <span class='ocrx_word' id='word_1_159' title='bbox 1193 1861 1259 1917; x_wconf 91' lang='grc' dir='ltr'>Δ</span> <span class='ocrx_word' id='word_1_160' title='bbox 1345 1839 1440 1934; x_wconf 72' lang='lat' dir='ltr'>[r]</span> <span class='ocrx_word' id='word_1_161' title='bbox 1505 1861 1626 1914; x_wconf 71' lang='lat' dir='ltr'>Em)</span> <span class='ocrx_word' id='word_1_162' title='bbox 1837 1863 1962 1915; x_wconf 74' lang='lat' dir='ltr'>vm</span> 
     </span>
     <span class='ocr_line' id='line_1_19' title="bbox 1237 2249 1271 2291; baseline 0 0"><span class='ocrx_word' id='word_1_163' title='bbox 1237 2249 1271 2291; x_wconf 72' lang='grc' dir='ltr'><strong>Ρ</strong></span> 
     </span>
    </p>
   </div>
   <div class='ocr_carea' id='block_1_6' title="bbox 157 2346 1968 2805">
    <p class='ocr_par' dir='ltr' id='par_1_6' title="bbox 157 2346 1968 2805">
     <span class='ocr_line' id='line_1_20' title="bbox 240 2346 1965 2402; baseline -0.002 -11"><span class='ocrx_word' id='word_1_164' title='bbox 240 2350 303 2392; x_wconf 89' lang='lat' dir='ltr'>Vt</span> <span class='ocrx_word' id='word_1_165' title='bbox 326 2348 617 2392; x_wconf 90' lang='lat' dir='ltr'>Gudemanno</span> <span class='ocrx_word' id='word_1_166' title='bbox 638 2349 824 2391; x_wconf 89' lang='lat' dir='ltr'>libenter</span> <span class='ocrx_word' id='word_1_167' title='bbox 846 2349 1060 2391; x_wconf 88' lang='lat' dir='ltr'>assentior</span> <span class='ocrx_word' id='word_1_168' title='bbox 1080 2349 1125 2390; x_wconf 94' lang='lat' dir='ltr'>in</span> <span class='ocrx_word' id='word_1_169' title='bbox 1147 2363 1212 2401; x_wconf 91' lang='lat' dir='ltr'>eo,</span> <span class='ocrx_word' id='word_1_170' title='bbox 1236 2349 1354 2402; x_wconf 89' lang='lat' dir='ltr'>quod</span> <span class='ocrx_word' id='word_1_171' title='bbox 1377 2349 1430 2390; x_wconf 91' lang='lat' dir='ltr'>de</span> <span class='ocrx_word' id='word_1_172' title='bbox 1452 2348 1653 2390; x_wconf 91' lang='lat' dir='ltr'>codicum</span> <span class='ocrx_word' id='word_1_173' title='bbox 1674 2346 1965 2390; x_wconf 90' lang='lat' dir='ltr'>Ottoboniani</span> 
     </span>
     <span class='ocr_line' id='line_1_21' title="bbox 159 2414 1967 2469; baseline -0.001 -11"><span class='ocrx_word' id='word_1_174' title='bbox 159 2421 204 2459; x_wconf 85' lang='lat' dir='ltr'>et</span> <span class='ocrx_word' id='word_1_175' title='bbox 219 2414 569 2459; x_wconf 78' lang='lat' dir='ltr'>vindobonensis</span> <span class='ocrx_word' id='word_1_176' title='bbox 586 2416 870 2469; x_wconf 89' lang='lat' dir='ltr'>dispositione</span> <span class='ocrx_word' id='word_1_177' title='bbox 888 2416 1114 2468; x_wconf 89' lang='lat' dir='ltr'>conclusit,</span> <span class='ocrx_word' id='word_1_178' title='bbox 1132 2416 1192 2458; x_wconf 89' lang='lat' dir='ltr'>sic</span> <span class='ocrx_word' id='word_1_179' title='bbox 1208 2416 1328 2458; x_wconf 93' lang='lat' dir='ltr'>nullo</span> <span class='ocrx_word' id='word_1_180' title='bbox 1345 2416 1476 2458; x_wconf 92' lang='lat' dir='ltr'>modo</span> <span class='ocrx_word' id='word_1_181' title='bbox 1493 2415 1686 2457; x_wconf 90' lang='lat' dir='ltr'>eiusdem</span> <span class='ocrx_word' id='word_1_182' title='bbox 1703 2414 1897 2468; x_wconf 90' lang='lat' dir='ltr'>opinioni</span> <span class='ocrx_word' id='word_1_183' title='bbox 1914 2415 1967 2457; x_wconf 90' lang='lat' dir='ltr'>de</span> 
     </span>
     <span class='ocr_line' id='line_1_22' title="bbox 158 2482 1967 2537; baseline -0.001 -12"><span class='ocrx_word' id='word_1_184' title='bbox 158 2482 381 2526; x_wconf 87' lang='lat' dir='ltr'>codicibus</span> <span class='ocrx_word' id='word_1_185' title='bbox 415 2482 632 2526; x_wconf 89' lang='lat' dir='ltr'>Vaticano</span> <span class='ocrx_word' id='word_1_186' title='bbox 669 2484 774 2525; x_wconf 90' lang='lat'><strong>1862</strong></span> <span class='ocrx_word' id='word_1_187' title='bbox 811 2490 855 2525; x_wconf 92' lang='lat' dir='ltr'>et</span> <span class='ocrx_word' id='word_1_188' title='bbox 889 2483 1090 2525; x_wconf 90' lang='lat' dir='ltr'>Leidensi</span> <span class='ocrx_word' id='word_1_189' title='bbox 1124 2483 1353 2537; x_wconf 86' lang='lat' dir='ltr'>suffragari</span> <span class='ocrx_word' id='word_1_190' title='bbox 1385 2495 1579 2536; x_wconf 85' lang='lat' dir='ltr'>possum,</span> <span class='ocrx_word' id='word_1_191' title='bbox 1615 2496 1715 2524; x_wconf 91' lang='lat' dir='ltr'>cum</span> <span class='ocrx_word' id='word_1_192' title='bbox 1749 2482 1819 2524; x_wconf 92' lang='lat' dir='ltr'>ille</span> <span class='ocrx_word' id='word_1_193' title='bbox 1853 2482 1967 2524; x_wconf 91' lang='lat' dir='ltr'>sicut</span> 
     </span>
     <span class='ocr_line' id='line_1_23' title="bbox 159 2549 1968 2603; baseline -0.001 -11"><span class='ocrx_word' id='word_1_194' title='bbox 159 2549 347 2593; x_wconf 85' lang='lat' dir='ltr'>Scheuer</span> <span class='ocrx_word' id='word_1_195' title='bbox 371 2549 452 2592; x_wconf 90' lang='lat' dir='ltr'>hos</span> <span class='ocrx_word' id='word_1_196' title='bbox 477 2550 587 2592; x_wconf 89' lang='lat' dir='ltr'>duos</span> <span class='ocrx_word' id='word_1_197' title='bbox 611 2550 745 2592; x_wconf 90' lang='lat' dir='ltr'>libros</span> <span class='ocrx_word' id='word_1_198' title='bbox 770 2550 963 2593; x_wconf 81' lang='lat' dir='ltr'>familiae</span> <span class='ocrx_word' id='word_1_199' title='bbox 988 2563 1015 2592; x_wconf 88' lang='lat' dir='ltr'>a</span> <span class='ocrx_word' id='word_1_200' title='bbox 1040 2550 1193 2592; x_wconf 88' lang='lat' dir='ltr'>ceteris</span> <span class='ocrx_word' id='word_1_201' title='bbox 1220 2549 1454 2592; x_wconf 88' lang='lat' dir='ltr'>distinctae</span> <span class='ocrx_word' id='word_1_202' title='bbox 1479 2549 1685 2603; x_wconf 89' lang='lat' dir='ltr'>assignet,</span> <span class='ocrx_word' id='word_1_203' title='bbox 1712 2563 1792 2602; x_wconf 90' lang='lat' dir='ltr'>ego</span> <span class='ocrx_word' id='word_1_204' title='bbox 1817 2556 1968 2591; x_wconf 88' lang='lat' dir='ltr'>autem</span> 
     </span>
     <span class='ocr_line' id='line_1_24' title="bbox 157 2614 1967 2671; baseline -0.001 -11"><span class='ocrx_word' id='word_1_205' title='bbox 157 2629 308 2660; x_wconf 86' lang='lat' dir='ltr'>omnes</span> <span class='ocrx_word' id='word_1_206' title='bbox 328 2617 498 2659; x_wconf 92' lang='lat' dir='ltr'>codices</span> <span class='ocrx_word' id='word_1_207' title='bbox 516 2624 690 2671; x_wconf 90' lang='lat' dir='ltr'>praeter</span> <span class='ocrx_word' id='word_1_208' title='bbox 711 2614 750 2659; x_wconf 91' lang='grc' dir='ltr'><strong>Ο</strong></span> <span class='ocrx_word' id='word_1_209' title='bbox 772 2615 825 2659; x_wconf 92' lang='lat' dir='ltr'>W</span> <span class='ocrx_word' id='word_1_210' title='bbox 845 2618 922 2659; x_wconf 92' lang='lat' dir='ltr'>uni</span> <span class='ocrx_word' id='word_1_211' title='bbox 940 2624 1075 2671; x_wconf 89' lang='lat' dir='ltr'>atque</span> <span class='ocrx_word' id='word_1_212' title='bbox 1095 2618 1236 2660; x_wconf 90' lang='lat' dir='ltr'>eidem</span> <span class='ocrx_word' id='word_1_213' title='bbox 1257 2617 1574 2659; x_wconf 81' lang='lat' dir='ltr'>Hersfeldensis</span> <span class='ocrx_word' id='word_1_214' title='bbox 1593 2616 1693 2658; x_wconf 91' lang='lat' dir='ltr'>libri</span> <span class='ocrx_word' id='word_1_215' title='bbox 1712 2616 1967 2670; x_wconf 88' lang='lat' dir='ltr'>apographo</span> 
     </span>
     <span class='ocr_line' id='line_1_25' title="bbox 157 2681 1965 2738; baseline -0.002 -11"><span class='ocrx_word' id='word_1_216' title='bbox 157 2681 193 2727; x_wconf 91' lang='lat' dir='ltr'>Y</span> <span class='ocrx_word' id='word_1_217' title='bbox 213 2684 412 2727; x_wconf 83' lang='lat' dir='ltr'>referam.</span> <span class='ocrx_word' id='word_1_218' title='bbox 462 2685 559 2737; x_wconf 91' lang='lat' dir='ltr'>Qua</span> <span class='ocrx_word' id='word_1_219' title='bbox 579 2684 624 2726; x_wconf 91' lang='lat' dir='ltr'>in</span> <span class='ocrx_word' id='word_1_220' title='bbox 644 2699 688 2726; x_wconf 91' lang='lat' dir='ltr'>re</span> <span class='ocrx_word' id='word_1_221' title='bbox 708 2684 817 2726; x_wconf 92' lang='lat' dir='ltr'>nihil</span> <span class='ocrx_word' id='word_1_222' title='bbox 836 2685 940 2727; x_wconf 93' lang='lat' dir='ltr'>noui</span> <span class='ocrx_word' id='word_1_223' title='bbox 958 2685 1238 2738; x_wconf 89' lang='lat' dir='ltr'>protulerunt</span> <span class='ocrx_word' id='word_1_224' title='bbox 1259 2685 1446 2727; x_wconf 89' lang='lat' dir='ltr'>Scheuer</span> <span class='ocrx_word' id='word_1_225' title='bbox 1465 2691 1510 2726; x_wconf 92' lang='lat' dir='ltr'>et</span> <span class='ocrx_word' id='word_1_226' title='bbox 1533 2684 1862 2735; x_wconf 88' lang='lat' dir='ltr'>Gudemannus,</span> <span class='ocrx_word' id='word_1_227' title='bbox 1888 2683 1965 2725; x_wconf 92' lang='lat' dir='ltr'>sed</span> 
     </span>
     <span class='ocr_line' id='line_1_26' title="bbox 158 2750 1966 2805; baseline -0.001 -12"><span class='ocrx_word' id='word_1_228' title='bbox 158 2751 291 2794; x_wconf 91' lang='lat' dir='ltr'>modo</span> <span class='ocrx_word' id='word_1_229' title='bbox 310 2750 561 2805; x_wconf 90' lang='lat' dir='ltr'>opinionem</span> <span class='ocrx_word' id='word_1_230' title='bbox 581 2764 608 2793; x_wconf 92' lang='lat' dir='ltr'>a</span> <span class='ocrx_word' id='word_1_231' title='bbox 630 2752 984 2794; x_wconf 85' lang='lat' dir='ltr'>Reifferscheidio</span> <span class='ocrx_word' id='word_1_232' title='bbox 1006 2751 1280 2794; x_wconf 88' lang='lat' dir='ltr'>Michaelisio</span> <span class='ocrx_word' id='word_1_233' title='bbox 1301 2752 1540 2804; x_wconf 87' lang='lat' dir='ltr'>ceterisque</span> <span class='ocrx_word' id='word_1_234' title='bbox 1561 2751 1845 2804; x_wconf 88' lang='lat' dir='ltr'>sequentibus</span> <span class='ocrx_word' id='word_1_235' title='bbox 1866 2764 1966 2792; x_wconf 92' lang='lat' dir='ltr'>con-</span> 
     </span>
    </p>
   </div>
   <div class='ocr_carea' id='block_1_7' title="bbox 154 2849 1970 3288">
    <p class='ocr_par' dir='ltr' id='par_1_7' title="bbox 154 2849 1970 3231">
     <span class='ocr_line' id='line_1_27' title="bbox 249 2849 1970 2896; baseline 0 -10"><span class='ocrx_word' id='word_1_236' title='bbox 249 2852 294 2874; x_wconf 75' lang='lat'>⁸⁷¹</span> <span class='ocrx_word' id='word_1_237' title='bbox 306 2852 360 2886; x_wconf 86' lang='lat' dir='ltr'>Ex</span> <span class='ocrx_word' id='word_1_238' title='bbox 371 2851 427 2887; x_wconf 81' lang='lat' dir='ltr'>his</span> <span class='ocrx_word' id='word_1_239' title='bbox 438 2851 649 2887; x_wconf 88' lang='lat' dir='ltr'>lectionibus</span> <span class='ocrx_word' id='word_1_240' title='bbox 661 2852 883 2888; x_wconf 84' lang='lat' dir='ltr'>Suetonianis</span> <span class='ocrx_word' id='word_1_241' title='bbox 895 2858 1104 2896; x_wconf 88' lang='lat' dir='ltr'>argumenta</span> <span class='ocrx_word' id='word_1_242' title='bbox 1116 2853 1238 2888; x_wconf 90' lang='lat' dir='ltr'>elicere</span> <span class='ocrx_word' id='word_1_243' title='bbox 1250 2853 1318 2887; x_wconf 92' lang='lat' dir='ltr'>sibi</span> <span class='ocrx_word' id='word_1_244' title='bbox 1329 2852 1426 2887; x_wconf 90' lang='lat' dir='ltr'>uisus</span> <span class='ocrx_word' id='word_1_245' title='bbox 1438 2857 1493 2887; x_wconf 89' lang='lat' dir='ltr'>est</span> <span class='ocrx_word' id='word_1_246' title='bbox 1506 2852 1671 2887; x_wconf 88' lang='lat' dir='ltr'>Scheuer:</span> <span class='ocrx_word' id='word_1_247' title='bbox 1683 2851 1787 2887; x_wconf 88' lang='lat' dir='ltr'>index</span> <span class='ocrx_word' id='word_1_248' title='bbox 1798 2850 1847 2895; x_wconf 89' lang='lat' dir='ltr'>(p.</span> <span class='ocrx_word' id='word_1_249' title='bbox 1860 2852 1916 2895; x_wconf 89' lang='lat'>98,</span> <span class='ocrx_word' id='word_1_250' title='bbox 1931 2849 1970 2892; x_wconf 89' lang='grc'>5)</span> 
     </span>
     <span class='ocr_line' id='line_1_28' title="bbox 157 2905 1968 2952; baseline 0 -10"><span class='ocrx_word' id='word_1_251' title='bbox 157 2907 246 2952; x_wconf 58' lang='grc' dir='ltr'>Νι)</span> <span class='ocrx_word' id='word_1_252' title='bbox 258 2905 344 2942; x_wconf 84' lang='lat' dir='ltr'>0W</span> <span class='ocrx_word' id='word_1_253' title='bbox 369 2907 497 2951; x_wconf 81' lang='lat' dir='ltr'>grapho</span> <span class='ocrx_word' id='word_1_254' title='bbox 510 2905 808 2952; x_wconf 72' lang='lat' dir='ltr'><strong>G15c.4(p.103,</strong></span> <span class='ocrx_word' id='word_1_255' title='bbox 823 2906 880 2951; x_wconf 88' lang='lat'>25)</span> <span class='ocrx_word' id='word_1_256' title='bbox 895 2914 964 2943; x_wconf 83' lang='lat' dir='ltr'>tam</span> <span class='ocrx_word' id='word_1_257' title='bbox 977 2907 1009 2943; x_wconf 93' lang='grc' dir='ltr'><strong>Ο</strong></span> <span class='ocrx_word' id='word_1_258' title='bbox 1023 2907 1068 2943; x_wconf 86' lang='lat' dir='ltr'>W</span> <span class='ocrx_word' id='word_1_259' title='bbox 1093 2910 1133 2944; x_wconf 89' lang='lat' dir='ltr'>in</span> <span class='ocrx_word' id='word_1_260' title='bbox 1145 2914 1215 2944; x_wconf 82' lang='lat' dir='ltr'>tam</span> <span class='ocrx_word' id='word_1_261' title='bbox 1238 2907 1273 2943; x_wconf 91' lang='lat' dir='ltr'>N</span> <span class='ocrx_word' id='word_1_262' title='bbox 1287 2906 1321 2943; x_wconf 88' lang='lat' dir='ltr'>G</span> <span class='ocrx_word' id='word_1_263' title='bbox 1333 2907 1364 2951; x_wconf 80' lang='lat'><strong>13</strong></span> <span class='ocrx_word' id='word_1_264' title='bbox 1381 2920 1411 2943; x_wconf 90' lang='lat' dir='ltr'>c.</span> <span class='ocrx_word' id='word_1_265' title='bbox 1425 2909 1477 2951; x_wconf 91' lang='lat'>18,</span> <span class='ocrx_word' id='word_1_266' title='bbox 1490 2908 1618 2951; x_wconf 87' lang='lat' dir='ltr'><strong>p.114,</strong></span> <span class='ocrx_word' id='word_1_267' title='bbox 1638 2908 1680 2942; x_wconf 89' lang='lat'>14</span> <span class='ocrx_word' id='word_1_268' title='bbox 1692 2912 1789 2951; x_wconf 77' lang='lat' dir='ltr'>atque</span> <span class='ocrx_word' id='word_1_269' title='bbox 1802 2905 1835 2942; x_wconf 92' lang='grc' dir='ltr'>Ο</span> <span class='ocrx_word' id='word_1_270' title='bbox 1851 2905 1895 2941; x_wconf 88' lang='lat' dir='ltr'>W</span> <span class='ocrx_word' id='word_1_271' title='bbox 1923 2907 1968 2942; x_wconf 85' lang='lat' dir='ltr'>ad</span> 
     </span>
     <span class='ocr_line' id='line_1_29' title="bbox 154 2961 1967 3008; baseline 0 -10"><span class='ocrx_word' id='word_1_272' title='bbox 154 2963 196 3006; x_wconf 85' lang='lat' dir='ltr'>Q.</span> <span class='ocrx_word' id='word_1_273' title='bbox 213 2967 310 3007; x_wconf 69' lang='lat' dir='ltr'>atquo</span> <span class='ocrx_word' id='word_1_274' title='bbox 323 2961 359 2998; x_wconf 87' lang='lat' dir='ltr'>N</span> <span class='ocrx_word' id='word_1_275' title='bbox 374 2961 409 2998; x_wconf 88' lang='lat' dir='ltr'>G</span> <span class='ocrx_word' id='word_1_276' title='bbox 424 2961 452 2998; x_wconf 89' lang='lat'><strong>1.</strong></span> <span class='ocrx_word' id='word_1_277' title='bbox 500 2964 599 3006; x_wconf 86' lang='lat' dir='ltr'>Quae</span> <span class='ocrx_word' id='word_1_278' title='bbox 614 2964 705 2999; x_wconf 90' lang='lat' dir='ltr'>ratio</span> <span class='ocrx_word' id='word_1_279' title='bbox 721 2964 766 2999; x_wconf 93' lang='lat' dir='ltr'>de</span> <span class='ocrx_word' id='word_1_280' title='bbox 782 2969 851 2999; x_wconf 87' lang='lat' dir='ltr'>tam</span> <span class='ocrx_word' id='word_1_281' title='bbox 867 2970 904 3000; x_wconf 90' lang='lat' dir='ltr'>et</span> <span class='ocrx_word' id='word_1_282' title='bbox 920 2969 1016 3008; x_wconf 77' lang='lat' dir='ltr'>atque</span> <span class='ocrx_word' id='word_1_283' title='bbox 1031 2965 1196 3000; x_wconf 88' lang='lat' dir='ltr'>habenda</span> <span class='ocrx_word' id='word_1_284' title='bbox 1212 2965 1269 3008; x_wconf 89' lang='lat' dir='ltr'>sit,</span> <span class='ocrx_word' id='word_1_285' title='bbox 1286 2976 1393 3008; x_wconf 88' lang='lat' dir='ltr'>supra</span> <span class='ocrx_word' id='word_1_286' title='bbox 1406 2963 1455 3007; x_wconf 92' lang='lat' dir='ltr'>(p.</span> <span class='ocrx_word' id='word_1_287' title='bbox 1473 2965 1516 2998; x_wconf 86' lang='lat'>83</span> <span class='ocrx_word' id='word_1_288' title='bbox 1533 2969 1570 2999; x_wconf 88' lang='lat' dir='ltr'>et</span> <span class='ocrx_word' id='word_1_289' title='bbox 1585 2975 1621 3007; x_wconf 89' lang='lat' dir='ltr'>p.</span> <span class='ocrx_word' id='word_1_290' title='bbox 1639 2961 1697 3005; x_wconf 87' lang='lat'>63)</span> <span class='ocrx_word' id='word_1_291' title='bbox 1714 2963 1967 2999; x_wconf 88' lang='lat' dir='ltr'>demonstraui.</span> 
     </span>
     <span class='ocr_line' id='line_1_30' title="bbox 159 3019 1969 3064; baseline -0.001 -10"><span class='ocrx_word' id='word_1_292' title='bbox 159 3019 450 3063; x_wconf 84' lang='lat' dir='ltr'>Corruptelarum</span> <span class='ocrx_word' id='word_1_293' title='bbox 463 3019 550 3063; x_wconf 82' lang='lat' dir='ltr'>griso</span> <span class='ocrx_word' id='word_1_294' title='bbox 563 3025 599 3055; x_wconf 92' lang='lat' dir='ltr'>et</span> <span class='ocrx_word' id='word_1_295' title='bbox 612 3020 738 3063; x_wconf 82' lang='lat' dir='ltr'>grapho</span> <span class='ocrx_word' id='word_1_296' title='bbox 751 3021 908 3055; x_wconf 89' lang='lat' dir='ltr'>diuersos</span> <span class='ocrx_word' id='word_1_297' title='bbox 920 3021 1070 3064; x_wconf 90' lang='lat' dir='ltr'>origines</span> <span class='ocrx_word' id='word_1_298' title='bbox 1082 3021 1226 3056; x_wconf 90' lang='lat' dir='ltr'>minime</span> <span class='ocrx_word' id='word_1_299' title='bbox 1238 3020 1415 3064; x_wconf 82' lang='lat' dir='ltr'>perspexit</span> <span class='ocrx_word' id='word_1_300' title='bbox 1429 3020 1591 3055; x_wconf 91' lang='lat' dir='ltr'>Scheuer.</span> <span class='ocrx_word' id='word_1_301' title='bbox 1638 3020 1733 3054; x_wconf 88' lang='lat' dir='ltr'>Nam</span> <span class='ocrx_word' id='word_1_302' title='bbox 1747 3020 1873 3062; x_wconf 83' lang='lat' dir='ltr'>grapho</span> <span class='ocrx_word' id='word_1_303' title='bbox 1886 3030 1969 3054; x_wconf 91' lang='lat' dir='ltr'>con-</span> 
     </span>
     <span class='ocr_line' id='line_1_31' title="bbox 157 3074 1968 3120; baseline -0.001 -10"><span class='ocrx_word' id='word_1_304' title='bbox 157 3075 293 3111; x_wconf 72' lang='lat' dir='ltr'>sultam</span> <span class='ocrx_word' id='word_1_305' title='bbox 308 3086 383 3110; x_wconf 87' lang='lat' dir='ltr'>esse</span> <span class='ocrx_word' id='word_1_306' title='bbox 396 3075 703 3118; x_wconf 87' lang='lat' dir='ltr'>interpolationem</span> <span class='ocrx_word' id='word_1_307' title='bbox 729 3077 851 3111; x_wconf 89' lang='lat' dir='ltr'>eadem</span> <span class='ocrx_word' id='word_1_308' title='bbox 867 3077 979 3111; x_wconf 79' lang='lat' dir='ltr'>forma</span> <span class='ocrx_word' id='word_1_309' title='bbox 994 3077 1030 3111; x_wconf 92' lang='lat' dir='ltr'>in</span> <span class='ocrx_word' id='word_1_310' title='bbox 1053 3075 1155 3111; x_wconf 89' lang='lat' dir='ltr'>NGI</span> <span class='ocrx_word' id='word_1_311' title='bbox 1170 3088 1199 3112; x_wconf 90' lang='lat' dir='ltr'>c.</span> <span class='ocrx_word' id='word_1_312' title='bbox 1217 3075 1235 3111; x_wconf 90' lang='lat'><strong>7</strong></span> <span class='ocrx_word' id='word_1_313' title='bbox 1249 3076 1299 3120; x_wconf 89' lang='lat' dir='ltr'>(p.</span> <span class='ocrx_word' id='word_1_314' title='bbox 1318 3077 1392 3119; x_wconf 87' lang='lat'><strong>105,</strong></span> <span class='ocrx_word' id='word_1_315' title='bbox 1411 3074 1464 3117; x_wconf 90' lang='lat'>12)</span> <span class='ocrx_word' id='word_1_316' title='bbox 1491 3075 1604 3110; x_wconf 87' lang='lat' dir='ltr'>textui</span> <span class='ocrx_word' id='word_1_317' title='bbox 1618 3075 1749 3110; x_wconf 89' lang='lat' dir='ltr'>inserta</span> <span class='ocrx_word' id='word_1_318' title='bbox 1764 3080 1886 3118; x_wconf 86' lang='lat' dir='ltr'>aperte</span> <span class='ocrx_word' id='word_1_319' title='bbox 1908 3075 1968 3110; x_wconf 88' lang='lat' dir='ltr'>de-</span> 
     </span>
     <span class='ocr_line' id='line_1_32' title="bbox 160 3130 1968 3175; baseline -0.001 -9"><span class='ocrx_word' id='word_1_320' title='bbox 160 3135 347 3166; x_wconf 85' lang='lat' dir='ltr'>monstrat.</span> <span class='ocrx_word' id='word_1_321' title='bbox 391 3131 488 3175; x_wconf 80' lang='lat' dir='ltr'>Griso</span> <span class='ocrx_word' id='word_1_322' title='bbox 505 3137 626 3166; x_wconf 90' lang='lat' dir='ltr'>autem</span> <span class='ocrx_word' id='word_1_323' title='bbox 639 3137 693 3167; x_wconf 90' lang='lat' dir='ltr'>est</span> <span class='ocrx_word' id='word_1_324' title='bbox 711 3132 929 3167; x_wconf 89' lang='lat' dir='ltr'>inconsultus</span> <span class='ocrx_word' id='word_1_325' title='bbox 941 3144 1035 3167; x_wconf 91' lang='lat' dir='ltr'>error</span> <span class='ocrx_word' id='word_1_326' title='bbox 1046 3144 1067 3167; x_wconf 86' lang='lat' dir='ltr'>a</span> <span class='ocrx_word' id='word_1_327' title='bbox 1080 3132 1220 3167; x_wconf 89' lang='lat' dir='ltr'>librario</span> <span class='ocrx_word' id='word_1_328' title='bbox 1238 3143 1363 3175; x_wconf 84' lang='lat' dir='ltr'>pamm</span> <span class='ocrx_word' id='word_1_329' title='bbox 1382 3132 1548 3174; x_wconf 89' lang='lat' dir='ltr'>diligente</span> <span class='ocrx_word' id='word_1_330' title='bbox 1559 3131 1606 3166; x_wconf 94' lang='lat' dir='ltr'>ob</span> <span class='ocrx_word' id='word_1_331' title='bbox 1624 3131 1862 3166; x_wconf 85' lang='lat' dir='ltr'>confusionem</span> <span class='ocrx_word' id='word_1_332' title='bbox 1875 3130 1968 3165; x_wconf 90' lang='lat' dir='ltr'>inter</span> 
     </span>
     <span class='ocr_line' id='line_1_33' title="bbox 158 3186 1853 3231; baseline -0.001 -10"><span class='ocrx_word' id='word_1_333' title='bbox 158 3186 298 3222; x_wconf 80' lang='lat' dir='ltr'>litteras</span> <span class='ocrx_word' id='word_1_334' title='bbox 310 3198 335 3221; x_wconf 84' lang='lat' dir='ltr'>n</span> <span class='ocrx_word' id='word_1_335' title='bbox 347 3191 385 3222; x_wconf 90' lang='lat' dir='ltr'>et</span> <span class='ocrx_word' id='word_1_336' title='bbox 396 3187 429 3221; x_wconf 77' lang='lat' dir='ltr'>ri</span> <span class='ocrx_word' id='word_1_337' title='bbox 442 3187 626 3230; x_wconf 88' lang='lat' dir='ltr'>admissus,</span> <span class='ocrx_word' id='word_1_338' title='bbox 640 3188 812 3230; x_wconf 90' lang='lat' dir='ltr'>siquidem</span> <span class='ocrx_word' id='word_1_339' title='bbox 826 3189 862 3223; x_wconf 91' lang='lat' dir='ltr'>in</span> <span class='ocrx_word' id='word_1_340' title='bbox 876 3193 974 3223; x_wconf 89' lang='lat' dir='ltr'>textu</span> <span class='ocrx_word' id='word_1_341' title='bbox 988 3200 1018 3223; x_wconf 91' lang='lat' dir='ltr'>c.</span> <span class='ocrx_word' id='word_1_342' title='bbox 1036 3188 1053 3223; x_wconf 88' lang='lat'>7</span> <span class='ocrx_word' id='word_1_343' title='bbox 1065 3188 1114 3231; x_wconf 88' lang='lat' dir='ltr'>(p.</span> <span class='ocrx_word' id='word_1_344' title='bbox 1133 3189 1206 3231; x_wconf 89' lang='lat'><strong>105,</strong></span> <span class='ocrx_word' id='word_1_345' title='bbox 1225 3187 1277 3229; x_wconf 88' lang='lat'><strong>12)</strong></span> <span class='ocrx_word' id='word_1_346' title='bbox 1291 3186 1323 3222; x_wconf 91' lang='lat' dir='ltr'>O</span> <span class='ocrx_word' id='word_1_347' title='bbox 1337 3189 1440 3231; x_wconf 88' lang='lat' dir='ltr'>gniso,</span> <span class='ocrx_word' id='word_1_348' title='bbox 1455 3186 1499 3221; x_wconf 92' lang='lat' dir='ltr'>W</span> <span class='ocrx_word' id='word_1_349' title='bbox 1512 3188 1652 3230; x_wconf 84' lang='lat' dir='ltr'>giinpho</span> <span class='ocrx_word' id='word_1_350' title='bbox 1666 3191 1853 3221; x_wconf 87' lang='lat' dir='ltr'>testantur.</span> 
     </span>
    </p>

    <p class='ocr_par' dir='ltr' id='par_1_8' title="bbox 251 3243 1231 3288">
     <span class='ocr_line' id='line_1_34' title="bbox 251 3243 1231 3288; baseline 0 -11"><span class='ocrx_word' id='word_1_351' title='bbox 251 3243 296 3264; x_wconf 83' lang='lat'>⁸⁷⁸</span> <span class='ocrx_word' id='word_1_352' title='bbox 312 3243 540 3277; x_wconf 83' lang='lat' dir='ltr'>Wochenschr.</span> <span class='ocrx_word' id='word_1_353' title='bbox 549 3243 581 3286; x_wconf 90' lang='lat' dir='ltr'>s.</span> <span class='ocrx_word' id='word_1_354' title='bbox 604 3244 721 3278; x_wconf 84' lang='lat' dir='ltr'>Klass.</span> <span class='ocrx_word' id='word_1_355' title='bbox 739 3245 830 3279; x_wconf 83' lang='lat' dir='ltr'>Phil.</span> <span class='ocrx_word' id='word_1_356' title='bbox 845 3245 953 3279; x_wconf 92' lang='lat' dir='ltr'>XVII</span> <span class='ocrx_word' id='word_1_357' title='bbox 971 3243 1088 3287; x_wconf 88' lang='lat'><strong>(1900)</strong></span> <span class='ocrx_word' id='word_1_358' title='bbox 1106 3256 1139 3288; x_wconf 89' lang='lat' dir='ltr'>p.</span> <span class='ocrx_word' id='word_1_359' title='bbox 1157 3243 1231 3278; x_wconf 88' lang='lat'><strong>702.</strong></span> 
     </span>
    </p>
   </div>
  </div>
 </body>
</html>
