2340 3840
390 363 449 398 172
719 363 785 396 DE
802 363 829 395 F
831 362 1094 397 RAGMENTI
1110 362 1404 396 SVETONIANI
1420 362 1486 395 DE
1503 361 1848 396 GRAMMATICIS
2093 361 2168 404 1672

384 475 494 516 tione
516 474 894 527 grammaticorum3
919 473 976 514 ad
1000 486 1035 514 c.
1062 474 1112 514 25
1141 471 1202 526 (p.
1232 475 1322 524 119,
1348 471 1389 524 9)
1420 474 1482 514 De
1505 473 1725 514 rhetoricae
1752 471 2006 524 (Rhetorica
2027 472 2077 525 A)
2101 473 2170 515 in-

387 541 578 582 uentione
602 545 639 581 et
660 540 961 581 inuentoribus.
1010 539 1079 581 Ad
1103 552 1138 580 c.
1169 541 1215 580 11
1245 537 1306 592 (p.
1337 541 1427 591 109,
1457 537 1521 590 11)
1548 539 1594 580 in
1617 546 1803 592 utroque
1827 539 1973 582 codice
1995 538 2170 594 legitur:

390 606 707 659 Endecasyllabi
726 606 775 647 de
795 606 962 648 Catone.
1013 607 1067 647 In
1087 605 1353 647 Berolinensi
1374 618 1546 659 quoque
1566 612 1612 648 et
1631 607 1799 647 Veneta
1819 605 2008 648 editione
2027 605 2170 660 singu-

385 674 527 715 lorum
550 672 933 726 grammaticorum
958 671 1135 713 nomina
1159 671 1337 725 singulis
1362 671 1578 725 capitibus
1602 671 1838 725 praemissa
1864 678 1982 724 sunt,
2007 672 2084 714 sed
2107 672 2172 715 ita

387 746 436 782 ut
458 739 714 792 cognomina
736 738 1023 792 compluriens
1045 738 1262 781 deficiant.
1309 739 1488 780 Ceterae
1511 738 1706 791 capitum
1726 738 2041 791 inscriptiones,
2063 751 2173 792 quas

387 806 517 847 modo
544 805 756 857 enarraui,
783 805 828 861 in
862 803 900 854 Q
928 812 972 848 et
999 802 1107 847 Ven.
1134 818 1222 847 non
1249 804 1547 855 inueniuntur;
1575 804 1651 846 sed
1678 805 1796 846 haud
1823 804 1912 846 scio
1938 817 1995 846 an
2021 818 2171 848 omnes

386 872 523 914 codici
539 875 561 914 θ
578 872 865 914 uindicandae
883 872 983 914 sint.
1021 872 1224 925 Namque
1244 872 1301 913 ad
1319 884 1355 913 c.
1376 873 1428 912 20
1449 869 1510 924 (p.
1535 872 1625 922 115,
1645 869 1686 922 3)
1710 868 1742 913 C
1760 871 2086 924 inscriptionem
2102 871 2169 914 M.

385 939 519 981 iulius
546 939 769 992 phriginus
797 938 984 990 exhibet,
1005 938 1080 980 sed
1107 938 1152 980 in
1180 945 1304 980 textu
1332 937 1517 980 Caius³⁰⁶
1534 937 1668 979 iulius
1696 938 1891 991 priginus
1916 937 2099 991 profert3
2132 934 2172 988 Q
2221 966 2231 977 .

386 1012 535 1047 autem
561 1012 605 1047 et
631 1005 676 1047 in
701 1004 980 1058 inscriptione
1007 1011 1051 1046 et
1075 1004 1121 1045 in
1148 1011 1272 1046 textu
1298 1005 1364 1046 M.
1395 1005 1538 1046 IVLI
1550 1005 1618 1046 VS
1647 1003 1938 1057 Phryginusw‘
1963 1010 2169 1055 testatum

385 1076 418 1113 Δ
436 1071 570 1114 etiam
585 1071 630 1113 in
646 1071 924 1125 inscriptione
942 1078 986 1113 et
1002 1071 1047 1112 in
1064 1077 1187 1113 textu
1205 1071 1338 1113 Caius
1354 1071 1503 1113 Julius
1524 1070 1822 1124 Phriginus.⁸⁰⁷
1854 1071 1975 1122 Quae
1992 1083 2093 1113 cum
2106 1070 2171 1113 ita

386 1138 487 1190 sint,
513 1138 641 1180 huius
665 1138 820 1191 capitis
843 1137 1067 1191 inscriptio
1091 1144 1210 1180 certa
1234 1137 1401 1179 ratione
1427 1137 1563 1179 codici
1586 1140 1608 1178 0
1632 1136 1892 1190 assignanda
1915 1143 1994 1179 est.
2046 1136 2171 1179 Chel-

386 1204 692 1256 tenhamensis‚
719 1211 770 1246 ut
797 1217 978 1257 semper,
1006 1204 1217 1246 ueriorem
1243 1203 1401 1246 codicis
1426 1206 1448 1245 θ
1474 1203 1706 1256 imaginem
1731 1210 2044 1256 repraesentat,
2071 1216 2171 1246 cum

385 1271 583 1313 librarius
610 1268 648 1319 Q
669 1283 932 1324 praenomen
954 1271 1020 1313 M.
1044 1285 1095 1312 ex
1115 1270 1394 1323 inscriptione
1415 1270 1460 1311 in
1482 1277 1653 1312 textum
1672 1283 1901 1323 perperam
1921 1269 2170 1323 susceperit,

385 1337 583 1379 librarius
608 1344 757 1379 autem
780 1341 813 1378 Δ
837 1350 1101 1390 praenomen
1126 1337 1259 1379 Caius
1285 1351 1307 1378 e
1333 1343 1456 1378 textu
1482 1336 1752 1389 inscriptioni
1775 1343 1892 1378 recte
1917 1336 2168 1379 restituerit.

469 1405 579 1446 Sunt
605 1410 753 1446 tamen
779 1403 897 1445 haud
922 1416 1086 1457 paucae
1112 1403 1220 1444 aliae
1247 1403 1445 1445 codicum
1471 1400 1503 1444 C
1529 1407 1562 1444 Δ
1586 1402 1888 1456 proprietates,
1915 1415 2027 1456 quae
2051 1402 2171 1444 nullo

386 1471 515 1512 modo
530 1470 586 1511 ad
598 1473 620 1511 θ
633 1471 780 1511 referri
792 1470 974 1523 possint,
990 1469 1122 1511 sedin
1136 1470 1227 1511 eius
1240 1470 1490 1522 apographo
1502 1485 1520 1510 ε
1535 1469 1742 1522 originem
1754 1469 1913 1511 habere
1927 1468 2168 1512 debuerint.

385 1537 505 1588 Quae
530 1536 639 1578 uitia
663 1536 913 1578 correctoris
938 1549 1092 1578 manus
1115 1535 1161 1577 in
1187 1533 1220 1577 C
1243 1549 1359 1577 nunc
1383 1536 1575 1577 radendo
1599 1549 1714 1577 nunc
1737 1535 1881 1577 uerbis
1904 1534 2072 1578 omissis
2095 1535 2171 1577 ad-

385 1604 537 1645 dendis
554 1616 670 1644 nunc
688 1616 815 1656 super
833 1616 1007 1644 uersum
1024 1602 1250 1644 scribendo
1266 1602 1430 1655 partim
1447 1602 1635 1644 sustulit.
1684 1604 1737 1643 In
1755 1602 1907 1644 tabula
1923 1601 2038 1643 infra
2055 1601 2170 1644 exhi·

384 1670 478 1712 bita
501 1669 707 1711 lectiones
731 1669 775 1711 in
803 1666 834 1710 C
861 1682 972 1722 quae
997 1683 1020 1710 e
1043 1669 1184 1722 priore
1209 1681 1342 1710 manu
1367 1669 1584 1711 fluxerunt
1609 1682 1776 1721 semper
1800 1668 1984 1719 ostendi,
2010 1668 2087 1710 sed
2109 1667 2171 1710 eis

382 1737 486 1778 locis
505 1736 581 1778 ubi
599 1736 789 1778 secunda
807 1748 963 1777 manus
982 1735 1196 1777 medelam
1215 1735 1376 1777 adtulit
1395 1735 1650 1777 asteriscum
1669 1734 1812 1778 adfixi.
1853 1734 2001 1777 Codex
2020 1731 2052 1776 F
2070 1747 2172 1776 cum

383 1810 574 1845 correcta
593 1802 777 1844 lectione
797 1801 842 1843 in
864 1799 896 1844 C
918 1816 1086 1855 semper
1105 1802 1324 1855 conspirat
1345 1801 1427 1843 nisi
1447 1801 1572 1844 aliter
1591 1815 1759 1843 moneo.

713 1885 730 1910 ε
754 1866 807 1919 (C
828 1866 859 1910 F
879 1867 927 1920 A)
1631 1866 1739 1910 Ven.
1764 1865 1803 1916 Q
1823 1884 1853 1909 ω

383 1949 417 1977 e.
444 1938 480 1986 1,
508 1945 553 1988 p.
579 1937 671 1986 100,
720 1938 745 1976 9
804 1935 980 1988 quidem
1002 1932 1127 1986 (=B)
1312 1935 1430 1987 quod

381 2015 416 2043 c.
440 2003 479 2053 3,
509 2016 552 2055 p.
578 2004 669 2053 103,
719 2004 742 2043 3
802 1991 850 2042 h⁷
871 1998 903 2043 c
924 2002 1006 2043 hoc
1025 2005 1058 2042 Δ
1312 2001 1381 2042 hic

381 2083 415 2109 c.
438 2070 478 2119 4,
509 2082 552 2121 p.
578 2070 669 2120 104,
718 2070 742 2110 3
801 2068 852 2109 ht
881 2081 1016 2121 genus
1047 2065 1079 2110 C
1110 2068 1243 2110 habet
1309 2068 1392 2110 hoc
1424 2081 1558 2120 genus
1594 2066 1741 2118 (huius
1772 2067 1939 2120 generis
1973 2063 2015 2108 H
2047 2065 2173 2126 nouis
2203 2082 2205 2084 ¹

803 2148 937 2187 genus
957 2138 990 2176 A
1312 2147 1446 2187 genus
1467 2131 1520 2185 U)

382 2215 416 2242 c.
441 2203 479 2251 6,
510 2215 552 2254 p.
579 2203 670 2252 105,
721 2203 744 2242 2
803 2197 1012 2242 nouissifn
1043 2198 1075 2243 C
1103 2201 1245 2242 nouis·
1312 2200 1544 2242 nouissime

804 2267 963 2309 simum
982 2270 1014 2308 A

719 2336 745 2374 4
804 2333 866 2375 *δι
891 2333 1136 2386 composuit
1162 2346 1244 2386 que
1312 2333 1641 2386 composuitque

805 2397 837 2441 C
901 2401 938 2441 &
1000 2399 1244 2453 composuit

803 2480 886 2519 que
906 2470 939 2507 A

381 2546 416 2573 c.
442 2531 479 2583 7,
500 2546 542 2585 p.
569 2533 660 2583 105,
696 2532 743 2574 17
803 2533 1063 2585 singularem
1311 2531 1537 2584 singularis

694 2600 742 2639 21
803 2597 878 2640 *ut
910 2632 918 2640 .
958 2631 966 2640 .
1006 2631 1015 2640 .
1053 2599 1244 2640 traderet
1309 2598 1373 2639 ita
1388 2605 1437 2640 ut
1452 2598 1645 2651 quotidie
1662 2596 1838 2648 (cotidie
1854 2594 1922 2648 W)
1938 2602 2174 2650 praecepta

803 2665 922 2706 omis.
987 2662 1019 2706 C
1050 2665 1114 2706 ita
1145 2697 1154 2706 .
1188 2697 1197 2706 .
1231 2697 1239 2706 .
1310 2664 1582 2717 eloquentiae
1603 2664 1795 2706 traderet

802 2731 994 2773 traderet
1017 2730 1192 2772 omis.⁸⁰⁸
1212 2734 1245 2771 A

383 2811 417 2838 c.
441 2799 479 2848 9,
501 2811 543 2850 p.
570 2796 660 2848 107,
719 2799 742 2838 3
802 2797 977 2839 incuriis
995 2795 1179 2848 (iniuriis
1195 2794 1242 2848 F)
1311 2796 1476 2838 iniuriis

720 2865 743 2904 5
802 2877 856 2911 ne
1308 2870 1491 2904 naturae
1514 2861 1586 2914 (ne
1609 2860 1664 2914 K)

472 2962 513 2983 ⁸⁰⁶
530 2962 559 2996 C
573 2961 609 2995 in
624 2961 730 2996 litura
745 2967 785 2996 ut
800 2961 870 2996 uid.

471 3017 512 3038 ⁸⁰⁶
528 3017 605 3050 PH
608 3016 715 3051 RIGI
723 3017 759 3050 N
767 3018 823 3052 VS
838 3016 874 3051 in
890 3016 1124 3059 inscriptione.

474 3073 515 3094 ³⁰⁷
529 3072 663 3106 Eadem
681 3072 836 3107 confusio
853 3071 890 3106 in
907 3072 1041 3107 Veneta
1058 3071 1209 3106 editione
1226 3071 1375 3114 uidetur,
1394 3071 1455 3114 qui
1473 3072 1526 3106 M.
1547 3072 1661 3106 Iulius
1681 3071 1874 3113 Phryginus
1892 3069 1929 3104 in
1946 3068 2170 3111 inscriptione

387 3127 525 3170 habeat,
543 3128 603 3161 sed
618 3138 830 3170 praenomen
845 3127 881 3161 in
897 3133 995 3162 textu
1011 3127 1165 3162 omittat.

474 3183 515 3203 ³⁰⁸
527 3183 575 3216 ita
590 3188 673 3225 post
688 3183 871 3217 declamare
889 3180 962 3223 (sic)
981 3182 1147 3217 insertum
1163 3187 1200 3216 A.
