2340 3840
160 305 238 350 ⁵8³1
558 306 623 340 ET
637 305 948 341 RHETORIBVS
965 304 1192 340 CODICVM
1209 304 1347 340 NEXV
1362 304 1427 338 ET
1443 303 1559 338 FIDE
1917 304 1960 338 83

158 419 407 471 exhibeant,
422 418 679 473 praesertim
694 431 795 460 cum
810 417 946 460 editio
961 419 1149 468 Incerta,
1167 430 1279 470 quae
1296 424 1346 459 ut
1361 416 1476 459 inira
1491 414 1552 470 (p.
1574 414 1669 466 159)
1690 416 1959 458 demonstra-

159 487 218 530 bo
234 499 260 529 e
277 486 449 529 duobus
466 486 678 537 fontibus,
698 485 938 538 archetypo
957 484 1116 526 codicis
1137 481 1179 525 H
1199 490 1243 526 et
1262 484 1502 537 archetypo
1521 483 1680 525 codicis
1700 480 1748 534 B,
1768 482 1959 526 conflata

158 558 241 606 est,
267 553 580 607 mimographus
591 553 639 578 ¹⁴⁵
665 552 873 606 proferat.
930 551 1162 606 Duplicem
1188 550 1421 593 lectionem
1447 550 1784 603 mimographus.-
1812 550 1958 592 mimo-

156 621 337 676 graphos
355 619 651 663 Hersfeldensi
667 618 780 661 libro
798 619 1020 661 uindicare
1039 618 1204 669 malim,
1223 618 1300 660 sed
1318 630 1562 671 numquam
1582 623 1632 659 ut
1651 617 1958 670 mimographos

157 688 204 731 in
227 687 481 731 accusatiuo
504 686 663 740 plurali
686 686 977 740 intellegatur,
1004 686 1081 728 sed
1105 685 1253 739 potius
1278 685 1420 727 forma
1447 684 1613 726 Graeca
1639 684 1742 725 olim
1767 684 1957 737 interpo-

155 754 300 798 latam
317 754 546 797 habeatur.
609 754 728 799 Nam
747 753 854 807 quid
872 753 930 796 sit
948 753 1284 807 mimographum
1303 752 1418 794 circa
1435 764 1611 793 scenam
1630 751 1793 793 uersari
1810 750 1957 793 animo

156 821 284 865 facile
309 821 470 876 fingere
496 834 689 875 possum,
718 821 795 862 sed
823 834 1040 873 quaenam
1067 819 1230 862 fuerint
1258 819 1400 861 officia
1427 818 1518 861 eius
1547 818 1623 872 qui
1650 817 1957 872 mimographos

156 888 388 932 adiuuaret
406 901 496 930 non
515 888 691 930 extrico.

243 955 294 998 C.
310 955 340 997 4
353 954 414 1009 (p.
435 955 528 1007 103,
547 953 619 1007 25)
637 954 803 997 familia
821 951 858 996 X
873 959 959 997 tam
975 955 1164 996 discretis
1181 951 1445 1004 ostendit,¹⁴⁷
1463 952 1539 994 ubi
1555 952 1662 994 satis
1679 957 1854 994 constat
1870 952 1958 993 iam

157 1027 244 1065 tam
264 1023 452 1066 discretis
472 1022 519 1064 in
540 1019 576 1064 Y
596 1021 803 1064 extitisse.
855 1022 974 1064 Nam
994 1022 1044 1063 in
1063 1027 1150 1063 tam
1170 1021 1358 1063 discretis
1380 1021 1425 1062 in
1446 1020 1582 1073 stirpe
1614 1036 1640 1061 α
1671 1018 1903 1061 manifesto
1935 1033 1957 1060 e

157 1091 246 1132 iam
261 1094 348 1132 tam
364 1090 554 1132 discretis
571 1095 827 1142 corruptum
843 1095 924 1132 est.
970 1088 1091 1131 Libri
1108 1085 1148 1129 D
1167 1086 1202 1130 V
1220 1085 1252 1130 L
1269 1089 1358 1130 iam
1374 1088 1562 1130 discretis
1578 1086 1821 1140 proferunt,
1841 1086 1961 1139 quod

157 1156 216 1199 ab
237 1156 352 1199 Aldo
375 1170 426 1198 ex
449 1156 640 1199 editione
664 1156 916 1198 Florentina
942 1155 1049 1198 1478
1071 1152 1257 1208 (=D)1⁴⁸
1279 1162 1532 1208 susceptum
1555 1155 1613 1197 ad
1636 1155 1749 1197 hanc
1773 1154 1890 1197 diem
1912 1154 1957 1197 in

157 1222 421 1267 editionibus
440 1222 694 1277 permansit.
746 1223 830 1265 Sed
850 1223 1034 1266 uerbum
1053 1228 1139 1265 tam
1159 1223 1204 1264 in
1220 1219 1260 1263 D
1278 1220 1312 1264 V
1333 1219 1365 1264 L
1386 1222 1608 1274 omissum,
1630 1235 1731 1264 cum
1751 1222 1885 1264 codex
1907 1219 1957 1274 B,

157 1290 235 1344 qui
250 1296 317 1333 est
333 1290 527 1332 eiusdem
543 1290 706 1343 stirpiS‚
717 1291 806 1332 iam
822 1295 908 1332 tam
926 1297 1127 1342 testetur,
1141 1290 1377 1343 quicquam
1394 1302 1485 1332 esse
1502 1289 1586 1331 nisi
1603 1303 1790 1331 errorem
1808 1289 1877 1331 uel
1893 1289 1957 1332 in-

157 1357 492 1412 terpolationem
516 1357 750 1400 concedere
774 1357 888 1399 nolo.
938 1357 1165 1412 Scripsisse
1190 1357 1365 1400 uidetur
1390 1356 1623 1399 Suetonius
1646 1357 1736 1398 iam
1758 1361 1848 1398 tum
1872 1356 1957 1398 dis-

156 1425 290 1477 cretis,
306 1430 358 1467 ut
372 1424 477 1467 olim
493 1437 520 1467 a
536 1424 750 1467 Beroaldo
766 1424 1022 1468 restitutum
1037 1431 1117 1467 est.

242 1491 293 1534 C.
309 1491 360 1534 13
372 1490 433 1544 (p.
451 1492 544 1543 110,
560 1489 630 1543 21)
645 1491 714 1533 1110
728 1492 1035 1534 conuenienter
1049 1492 1230 1534 tractari
1242 1498 1403 1545 potest.
1448 1491 1594 1533 Primo
1609 1491 1663 1533 de
1675 1491 1956 1544 praenomine

156 1565 202 1601 et
217 1559 392 1601 nomine
407 1559 682 1612 grammatici
699 1559 870 1601 Staberi
887 1559 1032 1601 Erotis
1049 1559 1216 1601 codices
1234 1555 1273 1601 Ο
1287 1556 1340 1601 W
1353 1565 1397 1601 et
1413 1559 1525 1601 inter
1537 1571 1582 1600 se
1598 1565 1642 1600 et
1659 1571 1686 1600 a
1703 1558 1855 1600 ceteris
1872 1558 1956 1600 dis-

156 1632 351 1679 crepant.
401 1626 726 1668 ottobonianus
747 1626 863 1668 solus
883 1626 997 1669 inter
1017 1640 1166 1668 omnes
1187 1626 1319 1668 libros
1343 1628 1392 1668 L.
1414 1627 1631 1668 Staberius
1651 1625 1858 1677 ostendit,
1880 1625 1956 1667 sed

156 1692 300 1735 Ihmio
319 1693 592 1746 adstipulari,
613 1693 696 1735 hoc
714 1707 980 1746 praenomen
999 1707 1026 1735 a
1045 1693 1221 1735 librario
1238 1690 1276 1735 Ο
1294 1692 1669 1745 concinnatum,²⁴⁹
1684 1693 1863 1734 omnino
1883 1706 1955 1734 ne-

155 1772 282 1814 queo.
335 1760 540 1813 Namque
561 1773 827 1813 praenomen
853 1762 901 1802 L.
926 1775 1014 1802 non
1037 1761 1178 1803 solum
1200 1761 1245 1802 in
1269 1757 1308 1802 0
1332 1761 1408 1803 sed
1430 1760 1565 1803 etiam
1586 1760 1632 1802 in
1654 1759 1774 1802 libris
1798 1756 1832 1801 C
1853 1763 1888 1801 Δ
1915 1756 1954 1807 Q

153 1825 327 1878 (Lutius
343 1823 377 1869 C
429 1827 446 1869 l
474 1827 603 1869 Vcius
616 1825 665 1878 Δ)
688 1827 922 1880 inuenitur,
945 1828 1020 1870 sed
1041 1842 1092 1870 eo
1112 1835 1244 1881 pacto
1265 1834 1316 1870 ut
1337 1828 1383 1869 hi
1405 1829 1454 1869 L.
1483 1828 1520 1869 T
1521 1828 1686 1869 uberius
1706 1826 1954 1878 exhibeant,

155 1893 232 1936 ubi
248 1890 288 1936 Ο
311 1895 360 1936 L.
379 1895 595 1936 Staberius
614 1901 817 1937 testatur.
868 1895 1015 1937 Codex
1035 1892 1078 1936 H
1097 1909 1271 1949 quoque
1298 1896 1335 1937 V
1359 1896 1561 1937 Taberius
1580 1893 1768 1946 exhibet,
1789 1893 1864 1935 ubi
1881 1893 1956 1935 illa

163 1961 201 2003 V
217 1967 334 2004 certe
353 1975 405 2003 ex
427 1962 463 2003 L
482 1968 690 2014 corrupta
709 1961 843 2004 est.¹⁵⁰
892 1963 945 2003 In
966 1959 1007 2004 K
1026 1962 1161 2004 etiam
1187 1963 1388 2004 Taberius
1408 1962 1453 2004 in
1473 1962 1622 2005 ordine
1642 1961 1854 2014 scriptum
1874 1967 1954 2012 est,

154 2026 232 2070 sed
247 2027 369 2070 nulla
385 2034 452 2071 est
469 2028 618 2071 littera
635 2029 680 2070 in
700 2029 939 2083 marginem
957 2029 1163 2082 eminens,
1183 2036 1234 2072 ut
1251 2029 1297 2071 in
1315 2029 1511 2083 capitum
1529 2028 1663 2071 initiis
1682 2029 1727 2070 in
1745 2028 1826 2070 hoc
1844 2027 1956 2069 libro

155 2094 287 2149 uulgo
304 2095 370 2138 fit.
421 2095 567 2138 Ceteri
585 2102 736 2138 autem
754 2096 854 2138 libri
872 2097 1087 2139 Staberius
1105 2095 1359 2149 (Straberius
1380 2095 1420 2148 α)
1442 2096 1561 2138 nullo
1579 2095 1860 2149 praenomine
1879 2095 1955 2137 ad-

154 2161 296 2204 hibito
317 2162 560 2216 proferunt.
613 2164 667 2204 In
690 2163 1018 2206 Vindobonensi
1040 2164 1188 2206 codice
1211 2164 1294 2206 hoc
1318 2177 1492 2217 quoque
1515 2161 1955 2205 animaduertendum

154 2234 236 2282 est,
255 2234 404 2272 totum
421 2243 581 2272 nomen
599 2231 803 2272 staberius
821 2231 867 2272 in
886 2231 1036 2273 ordine
1055 2231 1320 2285 exscriptum
1339 2245 1445 2283 esse,
1465 2244 1566 2272 cum
1584 2230 1737 2272 ceteris
1756 2229 1860 2271 locis
1881 2229 1956 2270 ubi

153 2296 450 2350 grammaticis
468 2297 753 2350 praenomina
773 2298 932 2340 desunt
951 2298 1093 2352 prima
1113 2298 1300 2340 nominis
1319 2298 1469 2340 littera
1489 2298 1534 2339 in
1553 2297 1790 2350 praemisso
1810 2296 1954 2349 spatio

153 2363 385 2416 quadrato,
406 2369 457 2405 ut
478 2364 612 2406 minio
631 2371 786 2417 postea
805 2365 1037 2418 exaranda,
1058 2365 1252 2408 indicata
1272 2366 1394 2407 sit.¹⁶¹
1443 2366 1560 2419 Ergo
1577 2364 1778 2406 librarius
1800 2361 1852 2404 W
1873 2363 1955 2404 nisi

152 2442 417 2484 praenomen
437 2430 483 2472 in
504 2431 738 2484 exemplari
762 2429 798 2473 X
819 2432 1014 2485 uidisset,
1035 2433 1223 2486 primam
1245 2433 1432 2475 nominis
1452 2432 1647 2474 litteram
1669 2445 1688 2472 s
1711 2445 1797 2472 non
1819 2431 1863 2472 in
1885 2443 1951 2471 or-

151 2495 251 2539 dine
269 2497 346 2541 sed
364 2497 410 2539 in
429 2497 502 2539 illo
521 2498 665 2551 spatio
681 2511 835 2551 uacuo,
853 2499 971 2552 quod
985 2500 1272 2553 praemissum
1288 2506 1395 2552 erat,
1412 2499 1717 2552 scripsisset.¹⁵²
1764 2497 1866 2539 Noli
1887 2504 1953 2539 ta-

237 2595 282 2619 ω
293 2595 497 2640 Beroaldus,
508 2596 571 2640 qui
579 2597 757 2632 Incertam
767 2597 981 2642 emendauit,
991 2598 1240 2642 mimographos
1249 2598 1371 2635 edidit.

237 2651 284 2675 ¹⁴⁸
294 2650 385 2688 Vide
397 2651 491 2688 inira
503 2663 541 2696 p.
555 2652 601 2688 90
614 2652 662 2688 ad
676 2654 918 2696 grammatices.

237 2706 285 2731 ²⁸¹
294 2707 385 2743 Vide
396 2707 556 2743 tabulam
568 2719 675 2752 supra
685 2719 723 2753 p.
734 2709 791 2746 44.

237 2762 281 2787 ¹⁴⁸
291 2762 382 2800 Vide
395 2763 488 2799 inira
503 2775 540 2808 p.
560 2764 636 2799 1261

237 2819 279 2843 ¹⁴·
289 2819 355 2863 Op.
366 2819 423 2855 cit.
433 2830 470 2863 p.
482 2820 548 2855 548
559 2820 642 2856 adn.
654 2821 692 2856 4:
714 2814 769 2856 “F
770 2825 812 2857 111·
822 2821 1004 2859 Staberius
1014 2823 1103 2858 Eros
1113 2823 1182 2866 gab
1193 2823 1257 2859 der
1266 2823 1371 2858 index
1382 2823 1463 2858 kein
1474 2832 1688 2866 praenomen
1692 2834 1701 2865 ;
1714 2819 1758 2855 W
1769 2821 1834 2856 hat
1843 2819 1954 2856 daher

146 2885 215 2911 11111·
227 2873 299 2911 den
311 2874 476 2912 tlblichen
488 2875 605 2912 leeren
620 2877 737 2912 Raum
750 2876 911 2922 markirt,
920 2878 1086 2915 wahrend
1114 2880 1155 2914 L.
1179 2879 1263 2915 ireie
1278 2879 1473 2922 Erfindung
1486 2889 1558 2914 von
1572 2876 1606 2913 Ο
1620 2889 1665 2914 zu
1678 2876 1755 2914 sein
1777 2875 1951 2913 scheint.”

235 2931 278 2955 ¹⁸⁰
289 2931 431 2967 Codicis
445 2930 481 2966 H
496 2932 726 2976 apographon
742 2930 772 2967 P
792 2933 855 2969 VA
861 2935 988 2970 BERI
995 2935 1054 2971 VS
1068 2939 1234 2971 testatur.
1280 2935 1325 2970 In
1339 2933 1372 2970 U
1388 2939 1426 2970 et
1439 2945 1656 2978 praenomen
1671 2938 1709 2970 et
1722 2943 1853 2969 nomen
1867 2931 1953 2967 defi-

145 2985 258 3023 ciunt.

235 3043 276 3066 ¹⁸²
288 3043 332 3079 E.
344 3054 379 3087 g.
392 3053 423 3079 c.
440 3043 461 3079 5
472 3042 523 3088 (p.
539 3044 615 3088 104,
631 3041 687 3086 14)
701 3055 719 3079 s
732 3045 868 3080 Aeuius
880 3046 1036 3092 nicanor3
1050 3058 1080 3083 c.
1099 3047 1139 3082 12
1152 3046 1203 3091 (p.
1220 3047 1296 3091 110,
1312 3045 1368 3089 16)
1383 3058 1401 3082 c
1412 3047 1572 3083 omelias
1584 3045 1756 3090 epicadus.

234 3099 277 3122 ¹¹¹
286 3098 405 3135 Vnum
417 3099 533 3135 solum
545 3099 627 3135 huic
640 3100 798 3144 opinioni
810 3101 953 3138 obstare
965 3102 1119 3147 uidetur,
1128 3103 1225 3147 quod
1238 3103 1329 3138 c.10
1339 3102 1390 3148 (p.
1408 3100 1829 3147 108,18),ubiwnouum
1842 3103 1951 3143 caput

146 3154 291 3199 indicat,
306 3159 455 3199 uterque
469 3153 502 3191 Ο
517 3154 561 3191 W
575 3157 650 3200 ylen
666 3168 738 3192 non
758 3158 872 3201 Hylen
886 3158 1030 3194 habent.
1059 3158 1104 3194 W
1118 3165 1239 3195 autem
1254 3159 1353 3203 ylen
1344 3171 1380 3194 m
1395 3160 1515 3194 ordine
1530 3158 1701 3203 scriptum
1714 3158 1837 3201 habet,
1851 3155 1949 3191 nulla

145 3209 290 3246 omnino
299 3210 442 3247 littera
431 3222 469 3246 111
479 3211 596 3255 spatio
607 3222 720 3247 uacuo
731 3213 922 3256 praemisso
933 3213 1101 3251 indicata.
