2340 3840
149 331 227 374 5891
548 331 612 366 ΕΤ
628 331 938 366 RHETORIBVS
955 330 1182 366 CODICVM
1199 331 1337 366 NEXV
1353 331 1417 365 ET
1433 331 1549 366 FIDE
1910 332 1953 366 59

149 443 398 488 exeruntur
423 444 511 486 fere
538 450 670 495 caret,
698 457 839 496 neque
866 456 916 485 ea
942 443 1173 486 libidinosa
1200 443 1549 496 interpolatione,
1587 457 1675 496 qua
1713 443 1839 486 multi
1876 457 1952 486 no-

148 517 339 555 strorum
354 511 540 565 insignes
555 517 672 562 sunt,
689 517 756 553 est
772 510 1034 562 maculatus;
1050 517 1198 563 atque,
1216 510 1297 552 nisi
1316 511 1463 552 omnia
1481 510 1654 562 fallunt,
1675 523 1834 564 magna
1852 523 1952 553 auc-

150 577 331 622 toritate
348 583 416 621 oet
435 578 638 620 habenda
657 577 703 620 in
724 577 1018 620 Hersfeldensi
1037 578 1277 630 archetypo
1298 577 1581 620 restituendo.

234 644 383 688 Codex
404 642 457 687 W
478 651 594 687 certe
625 645 682 687 ab
715 644 890 686 homine
921 644 1162 686 indoctiore
1194 651 1328 697 atque
1361 644 1678 698 neglegentiore
1711 657 1845 697 quam
1877 645 1952 697 qui

150 709 191 755 0
205 711 393 758 confecit
407 718 610 755 exaratus
625 718 706 763 est,
723 711 798 764 qui
812 711 920 753 nihil
936 712 989 753 de
1003 711 1232 762 industria,
1249 711 1368 753 haud
1382 724 1524 764 pauca
1538 717 1689 753 autem
1703 711 1947 753 inconsulte

148 777 309 822 omisit.
358 779 402 822 Si
417 778 656 832 peculiares
674 778 802 820 huius
820 778 980 821 codicis
997 779 1203 820 lectiones
1220 778 1564 831 perlustraueris,
1583 789 1816 831 perpauca,
1837 791 1949 831 quae

148 846 348 889 consulto
371 846 608 889 immutata
633 859 724 888 esse
749 846 1004 897 uidentur‚³²
1029 845 1170 888 multa
1194 852 1345 888 autem
1369 858 1482 898 quae
1507 851 1706 887 currente
1732 844 1901 887 calamo
1926 857 1952 886 a

148 912 325 956 librario
347 924 505 966 parum
531 914 661 956 docto
685 925 738 955 ac
763 913 968 967 diligente
993 920 1199 966 corrupta
1223 912 1312 954 sint
1336 912 1544 954 inuenies,
1600 912 1684 954 Sed
1709 912 1829 954 haud
1853 925 1951 954 raro

148 979 283 1023 etiam
298 979 344 1022 in
361 980 480 1023 uitiis
497 979 568 1022 hic
584 980 719 1022 codex
737 980 1052 1023 Hersfeldensis
1068 980 1168 1021 libri
1186 979 1441 1022 memoriam
1466 992 1669 1021 reuocare
1698 979 1805 1020 mihi
1831 978 1950 1020 uide-

149 1053 236 1089 tur.
289 1047 500 1100 Quocirca
523 1047 651 1089 huius
675 1047 835 1089 codicis
859 1047 978 1089 uitiis
1001 1047 1161 1100 ineptis
1184 1047 1513 1100 praetermissis,
1539 1046 1701 1099 quippe
1726 1058 1838 1099 quae
1862 1046 1951 1087 fere

147 1113 294 1157 omnia
308 1113 354 1156 in
369 1114 532 1157 tabulis
546 1127 678 1168 supra
694 1113 756 1167 (p.
773 1116 828 1156 48
844 1113 927 1168 sq.)
956 1114 1159 1156 exhibitis
1184 1114 1322 1156 uideri
1343 1114 1527 1167 possint,
1551 1113 1833 1155 notabiliores
1857 1112 1949 1154 eius

148 1180 354 1223 lectiones
370 1181 416 1223 in
433 1181 682 1235 archetypis
704 1179 739 1223 X
757 1189 801 1223 et
820 1178 855 1223 Y
873 1188 917 1223 et
935 1182 1030 1234 ipso
1054 1181 1348 1223 Hersfeldensi
1376 1181 1523 1222 codice
1551 1179 1832 1222 restituendis
1859 1193 1951 1222 sae-

145 1247 322 1301 pissime
340 1248 611 1302 proferam.³⁸

145 1370 233 1413 111.
293 1371 640 1414 Nonmuouns
663 1373 893 1414 FAuruAE
916 1369 952 1413 X
974 1383 1125 1420 ATQVE
1149 1372 1337 1414 Conrcrs
1360 1369 1412 1413 W
1434 1372 1696 1414 anrroNEs
1717 1382 1778 1412 An
1799 1371 1950 1412 HERs·

295 1449 572 1480 tunlensi-:n
591 1439 776 1480 Lrnnvu
797 1450 1153 1481 nnsrr‘rvmmvu
1177 1450 1490 1481 TRACTANTVR.
1533 1439 1719 1491 QVIDAM
1743 1438 1857 1479 Locr

861 1507 1096 1549 Connvpn
1119 1507 1381 1548 SANANTVR.

230 1605 300 1648 Ad
316 1605 554 1659 peculiares
572 1606 778 1649 lectiones
797 1607 1023 1661 utriusque
1040 1607 1232 1649 familiae
1250 1614 1366 1649 recte
1384 1606 1679 1648 aestimandas
1698 1612 1742 1648 et
1760 1605 1818 1647 ad
1836 1605 1952 1647 codi-

147 1685 242 1715 cem
264 1671 614 1717 Hersfeldensem
637 1674 957 1716 restituendum
979 1675 1087 1717 haec
1109 1674 1304 1716 subsidia
1327 1674 1452 1716 nobis
1471 1673 1780 1730 suppeditant:
1808 1672 1952 1725 primo

147 1738 399 1783 testimonia
416 1740 663 1793 Decembri,
683 1741 757 1794 qui
779 1741 923 1795 ipsum
945 1742 1295 1784 Hersfeldensem
1315 1755 1433 1783 anno
1456 1733 1562 1783 1455
1584 1740 1785 1793 inspexit,
1809 1746 1853 1781 et
1875 1739 1953 1781 Ni-

146 1806 256 1849 colai
273 1807 416 1849 Nicoli
431 1809 825 1860 commentarius;⁸⁴
842 1809 996 1851 deinde
1023 1810 1242 1863 Agricolae
1266 1809 1412 1851 Aesini
1437 1815 1537 1850 octo
1561 1808 1634 1849 illa
1657 1807 1762 1849 folia
1787 1813 1951 1857 uetera,

146 1886 259 1928 quae
277 1873 395 1926 olim,
414 1874 498 1916 nisi
517 1875 664 1917 omnia
682 1876 856 1928 fallunt,
878 1876 1071 1918 eiusdem
1092 1876 1408 1918 Hersfeldensis
1426 1875 1525 1917 libri
1543 1882 1716 1928 partem
1734 1875 1949 1924 fecerunt;

145 1947 243 1983 tum
261 1941 446 1985 aliorum
465 1949 696 1985 auctorum
715 1943 981 1995 testimonia,
1003 1951 1053 1986 ut
1076 1944 1294 1986 Ciceronis
1315 1943 1527 1996 epistulae
1546 1942 1591 1984 in
1611 1942 1706 1984 uita
1728 1941 1854 1984 Curti
1875 1941 1952 1982 Ni-

145 2007 237 2050 ciae
263 2006 407 2061 (c.14)‚
438 2009 602 2051 Gellius
630 2011 729 2061 XV,
763 2011 827 2062 11,
858 2011 915 2052 ad
944 2018 1121 2053 senatus
1151 2011 1400 2053 consultum
1429 2018 1473 2052 et
1502 2022 1730 2051 censorum
1759 2009 1951 2050 edictum

143 2072 273 2127 (025)
299 2075 510 2128 sananda,
541 2076 759 2119 Ciceronis
786 2078 924 2120 altera
951 2078 1195 2132 Philippica
1213 2076 1316 2130 (17),
1339 2092 1390 2120 ex
1411 2090 1499 2130 qua
1521 2076 1752 2119 Suetonius
1773 2076 1817 2117 in
1839 2089 1874 2117 c.
1899 2076 1951 2116 29

146 2142 280 2185 uerba
296 2142 482 2196 profert3
500 2150 722 2197 postremo
742 2158 792 2187 ea
811 2145 1019 2197 subsidia,
1041 2159 1152 2199 quae
1170 2145 1215 2187 in
1235 2145 1437 2187 omnibus
1456 2144 1740 2197 scriptoribus
1759 2142 1953 2195 antiquis

145 2209 415 2252 recensendis
437 2211 738 2264 suppeditant,
762 2213 900 2254 nostri
923 2213 1112 2255 auctoris
1135 2220 1179 2255 et
1202 2212 1339 2255 totius
1361 2212 1534 2265 linguae
1556 2211 1740 2252 Latinae
1763 2223 1866 2251 usus
1889 2210 1952 2250 di-

146 2276 285 2318 cendi.

235 2375 262 2399 ⁸
272 2375 454 2413 Librarius
465 2375 508 2412 W
520 2378 699 2421 propriam
711 2379 911 2421 argumenti
922 2379 1079 2423 capitum
1092 2379 1420 2422 distinguendorum
1433 2377 1606 2413 rationem
1619 2382 1762 2412 secutus
1774 2387 1849 2412 esse
1860 2376 1957 2412 uide-

145 2436 219 2476 tur;
236 2442 309 2476 qua
325 2431 364 2468 in
381 2443 419 2468 re
436 2443 479 2468 ea
496 2433 624 2476 peritia
642 2434 782 2478 saepius
799 2446 884 2470 usus
901 2440 968 2479 est,
987 2447 1079 2479 quae
1097 2435 1143 2470 ab
1162 2435 1237 2470 eius
1254 2434 1413 2470 socordia
1431 2433 1516 2470 alibi
1533 2433 1722 2469 manifesta
1739 2433 1954 2468 abhorreret.

143 2486 311 2524 Eiusdem
321 2487 393 2524 fere
401 2487 640 2533 distinguendi
649 2490 821 2525 rationem
831 2502 873 2526 ac
882 2491 1044 2526 librarius
1053 2489 1083 2526 V
1092 2496 1234 2527 secutus
1243 2495 1308 2526 est.
1348 2491 1404 2526 Sic
1414 2502 1444 2526 c.
1462 2491 1482 2525 2
1491 2489 1541 2533 (p.
1555 2490 1630 2533 101,
1644 2487 1711 2533 11),
1721 2500 1751 2524 e.
1765 2489 1807 2523 25
1816 2487 1866 2532 (p.
1880 2488 1954 2531 121,

145 2541 216 2587 14),
233 2542 286 2588 (p.
301 2544 376 2588 122,
398 2542 434 2586 8)
447 2544 511 2580 soli
532 2542 577 2579 W
600 2543 629 2580 V
651 2546 940 2589 capitaaceten's
952 2547 1122 2583 distincta
1141 2547 1323 2592 praebent.
1369 2547 1462 2582 Item
1475 2558 1506 2581 e.
1519 2547 1539 2580 2
1551 2545 1601 2590 (p.
1625 2545 1701 2588 100,
1725 2542 1780 2586 13)
1800 2543 1845 2579 W
1866 2542 1895 2579 V
1913 2542 1957 2583 U.

145 2609 176 2635 e.
187 2598 212 2634 4
224 2598 275 2644 (p.
293 2600 370 2644 104,
389 2598 444 2642 12)
459 2597 504 2635 W
520 2599 549 2636 B
566 2599 596 2636 V
611 2602 675 2637 soli
690 2613 768 2637 eam
784 2602 1058 2647 distinctionem,
1074 2615 1166 2647 quae
1180 2615 1275 2639 nunc
1289 2603 1326 2638 in
1342 2602 1598 2646 exemplaribus
1612 2600 1789 2645 impressis
1803 2600 1956 2643 uidetur,

142 2654 320 2692 &xhibent
373 2656 527 2692 Similem
541 2658 699 2701 capitum
712 2658 975 2695 distinctionem
988 2660 1185 2696 sententiae
1198 2659 1466 2695 conuenientem
1479 2659 1516 2694 in
1529 2669 1571 2693 ea
1583 2662 1685 2701 parte
1697 2657 1802 2692 huius
1813 2656 1954 2700 codicis,

141 2721 214 2756 qua
226 2711 392 2756 Dialogus
401 2714 614 2757 continetur,
625 2714 878 2750 animaduertit
889 2716 954 2750 Ed.
966 2716 1118 2759 Philipp.
1143 2716 1268 2751 Minus
1279 2716 1368 2751 bene
1380 2720 1499 2750 tamen
1510 2726 1540 2750 c.
1550 2715 1573 2748 4
1582 2713 1631 2758 (p.
1644 2714 1718 2757 103,
1734 2711 1787 2755 11)
1801 2712 1956 2755 Eosdem,

143 2778 174 2802 c.
191 2767 234 2803 10
249 2767 300 2813 (p.
317 2769 392 2813 108,
411 2769 465 2811 18)
481 2771 559 2812 ylen
585 2770 676 2814 (sic),
691 2771 785 2806 solus
798 2771 960 2807 librarius
975 2771 1020 2807 W
1034 2773 1153 2817 capita
1167 2785 1189 2808 a
1203 2772 1327 2807 ceteris
1340 2771 1511 2806 distincta
1525 2770 1664 2806 statuit.
1703 2771 1742 2804 P.
1761 2770 1834 2812 125,
1854 2769 1952 2803 11-12

143 2827 263 2859 tamen
275 2823 307 2859 is
318 2824 413 2860 solus
425 2824 685 2861 distinctionem
700 2826 793 2861 inter
805 2827 901 2862 Sexti
915 2828 1017 2863 Clodi
1029 2833 1066 2863 et
1079 2828 1205 2863 Albuci
1218 2828 1280 2863 Sili
1292 2828 1386 2863 uitas
1399 2827 1553 2862 indicare
1565 2825 1727 2869 neglexit.

234 2879 264 2902 ¹⁸
275 2879 437 2916 Secunda
453 2892 579 2916 manus
595 2882 631 2916 in
649 2880 705 2925 W,
723 2893 825 2926 quae,
843 2888 884 2918 ut
902 2895 921 2918 e
939 2884 1070 2919 tabulis
1086 2895 1192 2928 supra
1209 2883 1376 2927 expositis
1391 2883 1613 2926 perspicitur,
1630 2892 1901 2924 nonnumquam
1919 2880 1956 2914 in

143 2933 275 2970 bonam
290 2941 429 2979 partem
446 2937 679 2972 correctiones
696 2938 791 2982 fecit,
802 2939 889 2974 nihil
905 2940 952 2974 ad
968 2940 1114 2975 Suetoni
1129 2940 1289 2975 criticam
1305 2940 1456 2982 confert;
1468 2951 1548 2974 cum
1565 2938 1654 2973 satis
1668 2942 1810 2973 constet
1824 2947 1957 2972 correc-

142 2993 256 3026 torem
278 2991 368 3027 alius
389 2993 520 3028 codicis
542 2994 680 3036 copiam
713 3005 784 3029 non
807 2995 982 3031 habuisse.
1030 2997 1122 3031 Eum
1145 3008 1216 3031 non
1240 2996 1383 3031 omnino
1406 2995 1588 3030 indoctum
1612 2994 1718 3029 fuisse
1740 3004 1811 3028 non
1842 2993 1956 3028 solum

141 3046 383 3091 correctiones,
398 3059 487 3092 quas
499 3061 564 3085 suo
577 3050 698 3084 Marte
713 3050 806 3094 fecit,
821 3052 882 3086 sed
896 3052 1003 3086 etiam
1016 3053 1150 3095 glossae
1163 3052 1382 3095 marginales,
1397 3052 1495 3086 uelut
1508 3052 1556 3086 ad
1577 3051 1654 3094 ylen
1674 3049 1726 3091 (in
1757 3050 1844 3092 ylem
1866 3053 1957 3083 mut.

139 3101 298 3139 eiusdem
311 3105 515 3140 correctoris
528 3104 666 3147 manus)
680 3117 709 3141 c.
727 3107 768 3140 10
779 3106 828 3150 (p.
843 3108 916 3151 108,
931 3106 998 3151 18),
1014 3109 1050 3142 id
1064 3113 1111 3142 est
1125 3109 1266 3143 materia
1280 3108 1459 3151 primaria,
1474 3107 1521 3142 ad
1535 3106 1705 3150 gurgustio
1720 3116 1750 3141 c.
1767 3106 1803 3139 11
1816 3104 1865 3149 (p.
1883 3104 1957 3146 109,

142 3155 198 3200 21)
215 3158 252 3193 id
265 3163 312 3194 est
326 3160 444 3194 cellula
457 3161 681 3205 indiuiduali,
696 3163 950 3198 demonstrant.

234 3215 261 3236 ⁸⁴
275 3215 365 3250 Vide
380 3227 486 3259 supra
501 3228 536 3260 p.
557 3218 597 3251 13
614 3229 666 3260 sq.
