2340 3840
113 364 191 407 5911
513 363 577 397 ΕΤ
594 363 903 398 RHETORIBVS
921 363 1148 399 CODICVM
1165 364 1304 399 NEXV
1319 364 1382 398 ET
1399 354 1515 398 FIDE
1873 365 1915 398 91

18 484 23 493 '
49 499 55 505 ·
112 476 322 529 ostendit3
338 477 584 520 uerebantur
597 476 731 518 etiam
747 482 798 517 ut
815 475 946 518 ceteri
962 476 1164 528 primitus
1181 463 1393 530 scriptum
1410 476 1616 528 habebat,
1632 477 1749 529 quod
1765 477 1918 519 eadem

113 541 327 587 mnus²⁷⁷
346 549 514 597 puncto
533 543 761 596 supposito
781 543 826 584 in
846 544 1063 584 uerebatur
1083 544 1285 594 correxit;
1306 544 1510 596 imposuit
1530 549 1575 584 et
1595 544 1747 585 celauit
1767 550 1916 586 tamen

113 620 215 654 eum
231 606 272 652 0
290 607 344 652 W
358 610 555 664 praebet.
603 610 672 652 De
688 609 1026 663 interpolatione
1043 609 1087 651 in
1105 610 1172 651 his
1190 610 1359 652 numeri
1375 609 1603 663 singularis
1620 610 1770 651 formis
1788 624 1916 652 nemo

113 676 305 731 cogitare
321 683 485 730 potest,
505 689 606 719 cum
625 676 917 721 subiectiuum
936 675 1375 728 namuci-(Venalicii
1395 673 1454 727 H)
1475 676 1520 718 in
1539 676 1741 718 omnibus
1761 677 1916 719 codici-

113 744 197 787 bus
210 757 256 786 se
271 743 448 787 habeat.
493 744 650 798 Neque
666 743 766 785 talis
782 757 900 799 error
915 750 1009 786 tam
1026 743 1174 785 multis
1190 743 1295 785 locis
1310 757 1388 796 per
1402 743 1551 784 librari
1566 743 1831 796 imperitiam
1847 744 1916 786 uel

112 810 430 866 neglegentiam
449 810 551 852 oriri
568 811 729 864 potuit.
780 810 861 852 Illa
880 816 1030 852 autem
1050 811 1145 864 ipsa
1163 811 1304 852 forma
1323 811 1510 852 uenalici
1529 810 1714 863 simplici
1732 810 1880 852 littera
1900 812 1918 852 i

114 877 327 930 desinens,
349 877 483 920 etiam
503 877 540 919 si
560 878 744 920 uerbum
763 877 971 931 singulari
991 890 1172 919 numero
1193 890 1411 930 nusquam
1431 877 1713 928 inueniretur,
1736 890 1916 931 magnas

113 944 377 998 suspiciones
398 958 572 987 mouere
593 945 796 987 debebat.
848 945 966 987 Nam
987 944 1311 986 nominatiuum
1330 943 1544 997 pluralem
1563 944 1750 996 simplici
1769 944 1918 986 littera

112 1012 131 1054 i
160 1011 430 1054 desinentem
460 1025 611 1054 eorum
640 1011 1035 1063 substantiuorum,
1068 1024 1254 1065 quorum
1284 1011 1583 1053 nominatiuus
1614 1010 1842 1064 singularis
1873 1011 1917 1052 in

111 1080 201 1121 -ius
225 1078 398 1130 desinit,
421 1078 527 1120 alibi
549 1084 594 1121 et
609 1079 654 1120 in
668 1078 828 1120 nostris
842 1078 1064 1120 codicibus
1078 1085 1123 1121 et
1137 1079 1182 1120 in
1196 1079 1344 1120 codice
1358 1078 1517 1120 Aesino
1531 1078 1694 1120 frustra
1708 1077 1915 1131 requiras.

112 1145 243 1199 Quid,
264 1145 383 1199 quod
404 1145 573 1188 codices
594 1146 683 1187 fere
704 1159 854 1188 omnes
875 1147 1110 1199 imposuere
1131 1159 1219 1187 non
1239 1147 1533 1199 imposuerunt
1554 1151 1794 1196 testantur3
1817 1158 1918 1186 cum

111 1212 184 1255 illa
199 1211 342 1255 forma
358 1212 566 1266 temporis
581 1212 764 1266 perfecti
780 1213 824 1255 in
842 1213 974 1255 tertia
989 1226 1174 1266 persona
1190 1212 1368 1266 pluralis
1385 1212 1554 1254 numeri
1572 1212 1804 1254 Suetonius
1821 1218 1918 1254 tan-

110 1286 210 1322 tum
229 1292 318 1322 non
338 1278 563 1331 utatur‚¹⁷⁸
583 1287 627 1322 et
647 1280 692 1321 in
714 1280 795 1322 hoc
815 1280 961 1322 libello
982 1280 1081 1322 talis
1102 1280 1318 1333 scriptura
1338 1279 1420 1321 nisi
1450 1280 1494 1320 in
1516 1293 1604 1321 uno
1625 1285 1669 1321 et
1690 1279 1828 1321 altero
1849 1292 1918 1320 co-

111 1344 258 1389 dicem
279 1345 384 1388 alibi
405 1359 493 1388 non
515 1347 781 1389 inueniatur!
835 1348 993 1389 Nonne
1016 1347 1098 1389 hoc
1118 1347 1501 1400 interpolationem
1521 1346 1662 1399 sapit?
1715 1347 1809 1400 Ego
1830 1359 1919 1388 non

111 1413 268 1456 dubito
283 1413 390 1467 quin
405 1414 573 1456 codices
591 1411 629 1455 Ο
648 1412 701 1455 W
715 1411 756 1456 N
773 1428 1003 1456 numerum
1019 1414 1281 1468 singularem
1297 1421 1412 1456 recte
1424 1414 1650 1467 proferant
1662 1419 1797 1467 atque
1817 1425 1919 1454 uen-

111 1480 214 1523 al‘ci
229 1493 253 1523 e
269 1480 470 1524 uenalici’
487 1488 742 1534 corruptum
757 1482 880 1524 sit.¹⁸⁰
927 1482 1049 1524 Haec
1065 1482 1211 1535 opinio
1229 1488 1380 1524 autem
1396 1495 1446 1523 eo
1462 1480 1710 1523 confirmari
1728 1480 1917 1532 uidetur,

113 1546 231 1600 quod
242 1547 272 1590 1.
288 1548 341 1590 2³
357 1547 462 1590 dicit
478 1549 710 1590 Suetonius
724 1550 832 1602 quod
845 1550 1009 1590 domini
1020 1548 1125 1600 (non
1140 1546 1417 1599 dominorum)
1433 1549 1647 1590 uoluntate
1654 1548 1789 1602 suerit
1802 1546 1917 1590 liber.

113 1613 157 1656 Si
173 1626 225 1656 ea
240 1626 353 1668 quae
368 1622 612 1668 sequuntur
627 1615 894 1669 inspicimus,
912 1630 1000 1657 non
1016 1616 1172 1658 iniuria
1189 1615 1409 1658 codicibus
1427 1612 1466 1657 Ο
1485 1612 1538 1656 W
1554 1611 1596 1656 N
1612 1615 1743 1656 fidem
1759 1614 1919 1656 habere

112 1680 326 1733 uidemur,
345 1694 446 1724 cum
465 1682 510 1724 hi
528 1683 609 1724 soli
634 1696 734 1724 cum
762 1680 889 1725 Gm.2
917 1690 962 1725 et
983 1680 1022 1724 D
1041 1696 1105 1724 ros
1124 1684 1287 1736 cognita
1305 1687 1365 1724 est
1382 1682 1621 1735 proferant,
1642 1695 1754 1735 quae
1772 1681 1916 1732 lectio,

113 1747 321 1805 quicquid
356 1748 411 1792 de
443 1750 806 1803 praecedentibus
842 1750 1115 1801 iudicaueris,
1153 1750 1394 1792 certissima
1429 1749 1598 1791 ratione
1624 1749 1802 1790 -edenda
1837 1755 1916 1790 est.

113 1815 242 1867 Quod
258 1821 408 1858 tamen
424 1816 482 1858 ad
498 1829 651 1858 uocem
667 1818 784 1859 uenit
799 1816 876 1868 (sic
893 1817 937 1858 in
956 1814 994 1859 Ο
1014 1815 1067 1858 W
1083 1814 1124 1858 N
1137 1815 1174 1859 U
1190 1831 1270 1870 pro
1285 1818 1456 1859 uenitur
1471 1815 1517 1858 in
1533 1813 1700 1867 ceteris)
1712 1815 1918 1869 pertinet,

112 1894 200 1924 non
216 1882 400 1925 eandem
415 1882 547 1926 fidem
561 1884 783 1926 codicibus
801 1881 839 1926 Ο
856 1882 909 1925 W
924 1882 965 1926 N
980 1885 1134 1935 habeo,
1151 1897 1255 1926 nam
1270 1885 1441 1926 uenitur
1455 1890 1571 1925 certe
1585 1883 1919 1936 praeferendum

113 1955 194 1991 est.
246 1949 361 1992 Cum
380 1950 575 1992 codicem
595 1947 637 1992 N
658 1965 680 1993 e
701 1951 866 1993 familia
891 1949 926 1993 X
948 1951 1300 1994 contaminatum
1320 1964 1534 2002 censeam,
1555 1950 1721 1991 nullam
1741 1963 1918 1991 causam

114 2015 243 2058 uideo
264 2029 342 2059 cur
363 2016 565 2060 librarius
591 2015 627 2060 X
648 2025 828 2072 propter
843 2018 1150 2072 praecedentia
1171 2020 1376 2071 imposuit
1400 2049 1408 2058 .
1434 2049 1443 2058 .
1472 2049 1481 2058 .
1507 2018 1659 2059 celauit
1681 2017 1750 2059 uel
1772 2017 1919 2058 incon-

112 2081 230 2126 sulto
245 2085 364 2126 uenit
381 2097 462 2138 pro
477 2085 650 2127 uertitur
666 2099 828 2139 ponere
846 2099 935 2128 non
952 2085 1160 2139 potuerit.
1226 2085 1355 2137 Quod
1372 2086 1491 2126 uenit
1508 2085 1552 2126 in
1572 2084 1657 2126 isto
1676 2081 1714 2126 U
1731 2084 1918 2137 pessimo

113 2149 313 2192 omnium
331 2150 543 2193 librorum
562 2165 608 2194 se
627 2152 762 2195 habet
781 2153 843 2195 nil
862 2167 1018 2195 moror.
1079 2153 1180 2195 Non
1201 2152 1366 2194 infitior
1385 2165 1454 2194 me
1474 2152 1648 2193 haerere
1668 2165 1768 2192 cum
1790 2151 1920 2193 Hers-

112 2216 318 2260 ieldensis
348 2218 507 2261 codicis
537 2219 694 2261 faciem
721 2220 803 2262 hoc
832 2220 928 2262 loco
958 2220 1185 2262 restituere
1213 2226 1396 2272 tempto.
1465 2219 1670 2261 Libenter
1703 2219 1919 2260 crederem

111 2283 331 2338 simplices
351 2285 560 2328 lectiones
582 2286 627 2327 in
650 2287 891 2340 archetypo
914 2287 1060 2338 fuisse,
1084 2287 1246 2328 formas
1268 2286 1456 2339 plurales
1478 2293 1629 2328 autem
1651 2299 1800 2327 omnes
1823 2299 1850 2327 a
1871 2286 1920 2326 li-

111 2351 259 2394 brai-io
279 2347 316 2394 Y
337 2352 635 2404 concinnatas,
659 2354 742 2396 nisi
765 2355 933 2396 codices
957 2355 1094 2396 nostri
1117 2354 1322 2396 docerent
1357 2353 1575 2406 duplicem
1606 2353 1740 2394 fuisse
1772 2353 1920 2395 lectio-

111 2417 263 2460 nem¹⁸¹
290 2421 511 2473 rescogniti
528 2422 698 2462 sunt:¹⁸²
727 2435 790 2463 res
811 2423 973 2475 cognita
992 2427 1062 2462 est.
1121 2421 1248 2473 Quod
1268 2421 1304 2462 si
1324 2434 1477 2462 uerum
1507 2427 1587 2471 est,
1609 2419 1715 2469 satis
1746 2427 1919 2462 constat

113 2485 407 2539 corruptelam
426 2486 546 2529 illam
561 2489 747 2529 uenalici
762 2502 841 2541 pro
857 2489 1056 2530 uenalici'
1083 2488 1396 2541 antiquissimis
1414 2487 1684 2540 temporibus
1705 2488 1812 2528 alias
1829 2501 1920 2528 cor-

113 2552 308 2606 ruptelas
344 2566 496 2606 parere
534 2554 739 2608 coepisse,
779 2562 823 2598 et
862 2556 981 2597 haud
1019 2555 1108 2597 scio
1145 2568 1202 2596 an
1240 2555 1381 2596 tutius
1421 2555 1499 2595 has
1539 2567 1688 2595 omnes
1727 2554 1919 2607 duplices

111 2618 319 2662 lectiones
342 2620 480 2662 codici
511 2621 806 2664 Hersfeldensi
826 2623 1036 2664 uindices:
1066 2623 1268 2665 educeret:
1289 2622 1518 2672 educerent;
1550 2622 1786 2663 uerebatur:
1806 2635 1919 2663 uere-

113 2686 280 2739 hautun
301 2687 524 2741 imposuit:
559 2689 810 2742 imposuere;
843 2690 1011 2731 celauit:
1046 2691 1247 2740 celarunt3
1278 2690 1466 2730 uenitur:
1496 2689 1629 2739 uenit3
1663 2702 1726 2729 res
1757 2690 1920 2741 cognita

113 2758 190 2794 est:
220 2755 440 2807 rescogniti
458 2755 624 2796 sunt.¹⁸⁸

202 2851 250 2874 ¹⁷¹¹
262 2851 461 2888 Secundam
475 2865 621 2889 manum
637 2854 674 2889 in
689 2853 724 2889 N
740 2866 811 2890 non
825 2855 920 2891 noui.

202 2907 249 2931 ²⁷⁸
258 2907 349 2944 Vide
365 2908 521 2952 Thimm,
542 2910 595 2945 De
611 2911 683 2946 Vsu
694 2915 792 2954 atque
805 2911 1002 2947 Elocutione
1014 2911 1053 2947 C.
1067 2911 1224 2947 Suetonii
1242 2911 1445 2954 Tranquilli,
1460 2909 1675 2953 Regimonti‚
1701 2909 1801 2953 1827,
1814 2921 1850 2954 p.
1864 2911 1920 2946 20.

201 2963 245 2986 ¹¹⁸⁸
257 2961 291 2998 D
302 2964 490 3008 praecipue
503 2965 595 3000 hanc
610 2966 759 3001 formam
773 2967 934 3002 adamat:
955 2979 991 3012 p.
1009 2967 1084 3011 120,
1101 2967 1141 3002 15
1156 2967 1362 3010 appetiuere,
1375 2977 1411 3010 p.
1429 2966 1503 3009 121,
1522 2966 1563 3000 10
1577 2966 1717 3010 edidere,
1731 2977 1767 3009 p.
1785 2966 1860 3009 122,
1878 2966 1918 3001 15

112 3017 236 3063 uiue,
251 3030 288 3063 p.
308 3020 382 3064 122,
398 3020 439 3055 15
454 3022 620 3065 pepigere.
653 3020 698 3055 W
714 3023 822 3058 etiam
837 3034 874 3067 p.
894 3024 968 3067 121,
984 3023 1024 3058 15
1043 3034 1212 3058 exercuere
1225 3021 1380 3065 exhibet,
1394 3021 1468 3057 sine
1484 3021 1593 3056 dubio
1609 3021 1656 3056 ob
1668 3022 1916 3065 compendium

112 3072 265 3111 exercite?
275 3074 312 3110 in
324 3073 366 3111 X.
413 3076 470 3112 Cf.
482 3077 519 3112 in
531 3075 575 3111 W
585 3089 621 3121 p.
637 3078 711 3121 122,
727 3079 766 3113 15
778 3076 926 3123 ῥερίςεῖ,
937 3090 972 3123 p.
988 3080 1063 3123 122,
1079 3079 1121 3114 16
1132 3075 1339 3122 expectanti.

201 3130 244 3153 ¹¹⁸
253 3130 344 3167 Vide
357 3142 464 3175 supra
478 3133 526 3167 ad
542 3134 672 3176 Apulei
685 3145 721 3177 p.
738 3135 793 3170 80.

200 3186 240 3210 ¹⁸¹
252 3187 356 3223 Hanc
371 3188 418 3223 ad
432 3188 632 3232 opinionem
645 3189 774 3225 inclino
787 3202 828 3226 eo
839 3191 1061 3234 potissimum
1076 3184 1171 3234 quod
1187 3190 1252 3224 Res
1266 3190 1397 3232 cognito
1410 3189 1505 3224 estin
1520 3187 1552 3222 D
1565 3189 1755 3225 inuenitur.

201 3241 242 3264 ¹⁸²
253 3242 332 3278 Hoc
346 3243 467 3287 potius
481 3255 589 3287 quam
604 3247 764 3288 recogniti
778 3251 867 3281 sunt.

201 3297 244 3320 ¹⁸⁸
255 3298 335 3333 Hae
351 3299 543 3335 uarietates
560 3301 750 3336 maximam
768 3308 906 3345 partem
925 3302 1069 3345 singulis
1087 3301 1230 3344 syllabis
1249 3312 1354 3344 supra
1374 3311 1514 3335 uersum
1533 3300 1672 3343 scriptis
1693 3300 1839 3335 indicari
1858 3312 1920 3344 po-

113 3356 242 3389 terant.
