2340 3840
383 363 423 395 10
707 362 774 396 DE
791 362 1083 397 FRAGMENTI
1100 362 1395 397 SVETONIANI
1410 362 1478 396 DE
1495 362 1840 398 GRAMMATICIS
2089 363 2168 406 [510

387 472 530 524 (1425)
552 473 607 514 ad
627 473 814 514 amicum
833 487 960 515 suum
980 473 1210 516 Nicolaum
1229 474 1282 515 de
1301 473 1464 516 Nicolis
1484 473 1781 515 Florentinum
1801 474 1937 526 dedit,
1957 475 2167 527 regredia-

384 554 479 581 mur
506 553 675 581 necesse
702 546 786 581 est:
811 540 827 565 ⁴
885 540 911 559 “
923 573 1068 581 ......
1080 540 1268 591 Quidam
1294 540 1531 581 monachus
1559 540 1723 581 amicus
1750 554 1870 581 meus
1896 555 1947 582 ex
1975 541 2166 594 quodam

383 606 646 647 monasterio
669 606 938 658 Germaniae,
962 606 1037 659 qui
1057 606 1158 647 olim
1179 619 1205 647 a
1225 606 1350 647 nobis
1365 606 1553 658 recessit,
1571 606 1627 647 ad
1641 620 1708 648 me
1725 606 1842 648 misit
1858 606 2040 658 litteras,
2057 620 2166 660 quas

383 673 539 714 nudius
558 679 738 725 quartus
755 673 918 725 accepi3
934 687 1011 725 per
1028 686 1136 725 quas
1153 672 1301 714 scribit
1318 686 1362 714 se
1379 672 1584 725 reperisse
1601 673 1746 725 aliqua
1762 673 1985 714 volumina
2010 673 2064 715 de
2091 686 2167 715 no-

382 739 496 790 stris,
518 752 628 791 quae
647 745 894 792 permutare
914 739 1045 780 vellet
1064 752 1163 780 cum
1184 739 1368 780 Novella
1384 739 1560 780 Ioannis
1576 739 1772 780 Andreae
1789 739 1858 780 vel
1875 745 1969 781 tum
1987 739 2167 792 Speculo

384 812 478 846 tum
511 805 832 856 Additionibus‚
867 811 911 846 et
944 805 1121 846 nomina
1152 805 1360 846 librorum
1393 805 1532 847 mittit
1564 805 1813 846 interclusa.
1833 839 1840 846 .
1860 838 1896 846 ..
1962 806 2084 847 Inter
2115 818 2168 848 ea

382 871 604 912 volumina
623 878 689 913 est
707 871 843 912 Iulius
863 871 1095 912 Frontinus
1115 877 1158 912 et
1176 871 1322 924 aliqua
1341 885 1471 924 opera
1491 871 1678 913 Cornelii
1696 871 1838 913 Taciti
1857 871 1981 913 nobis
1998 871 2166 924 ignota:

383 937 548 979 videbis
574 937 866 979 inventarium
891 944 935 979 et
961 951 1140 990 quaeres
1164 938 1238 979 illa
1262 938 1485 979 volumina
1509 938 1675 990 legalia,
1702 938 1738 979 si
1762 938 1936 991 reperiri
1959 944 2168 991 poterunt

382 1004 610 1044 commodo
636 1004 789 1057 pretio.
849 1004 967 1045 Libri
992 1010 1211 1057 ponentur
1236 1004 1282 1045 in
1309 1004 1610 1057 Nurimberga,
1640 1018 1726 1056 quo
1753 1011 1798 1046 et
1824 1004 1980 1046 deferri
2005 1004 2168 1046 debent

382 1071 612 1123 Speculum
639 1078 683 1112 et
710 1070 980 1121 Additiones,
1009 1077 1054 1112 et
1080 1070 1232 1112 exinde
1259 1084 1417 1124 magna
1444 1077 1510 1112 est
1536 1072 1723 1112 facultas
1748 1071 1879 1112 libros
1906 1070 2164 1113 advehendi.
2188 1091 2189 1094 ¹

380 1137 439 1178 Vt
459 1136 625 1178 videbis
656 1151 732 1190 per
763 1137 1068 1188 inventarium,
1099 1137 1205 1181 haec
1225 1143 1291 1178 est
1322 1138 1534 1190 particula
1555 1138 1783 1190 quaedam,
1804 1151 1907 1179 nam
1938 1137 2066 1179 multi
2093 1137 2167 1179 alii

380 1210 564 1254 restant3
584 1203 732 1245 scribit
751 1204 866 1244 enim
883 1204 928 1244 in
946 1205 1061 1245 hunc
1080 1203 1276 1244 modum:
1314 1204 1465 1245 ‘Sicuti
1483 1204 1590 1245 mihi
1607 1204 1882 1257 supplicastis
1901 1204 1954 1245 de
1971 1203 2167 1246 notando

379 1276 544 1322 poetas,
576 1277 626 1311 ut
655 1284 705 1311 ex
734 1270 800 1310 his
830 1270 1040 1323 eligeretis
1070 1270 1145 1322 qui
1173 1270 1299 1312 vobis
1327 1271 1562 1323 placerent,
1592 1270 1739 1312 inveni
1767 1270 1927 1312 multos
1956 1284 1980 1312 e
2009 1269 2166 1323 quibus

380 1336 529 1389 collegi
550 1336 732 1388 aliquos,
766 1350 874 1390 quos
895 1337 941 1378 in
963 1337 1114 1378 cedula
1136 1337 1217 1378 hac
1248 1338 1414 1378 inclusa
1445 1337 1698 1390 reperietis'.
1716 1370 1726 1380 .
1744 1370 1753 1379 .
1771 1339 1959 1379 .Romae
1991 1336 2061 1378 die
2094 1337 2167 1378 ΙΙΙ
2242 1337 2246 1340 ’

380 1402 671 1444 novembris.''

464 1469 559 1510 Hac
588 1468 720 1521 igitur
748 1483 799 1510 ex
829 1469 1016 1522 epistula
1045 1476 1317 1522 compertum
1346 1470 1557 1511 habemus
1588 1469 1849 1511 monachum
1879 1468 2112 1521 quendam,
2142 1481 2167 1510 e

381 1535 643 1576 monasterio
663 1535 969 1587 Hersfeldensi,
991 1542 1041 1577 ut
1061 1550 1111 1577 ex
1130 1536 1411 1588 sequentibus
1431 1536 1672 1589 apparebit,
1695 1535 1855 1588 Poggio
1873 1534 2167 1577 inuentarium

382 1601 654 1653 quorundam
673 1602 881 1643 librorum
901 1615 1010 1654 quos
1029 1604 1292 1656 reppererat⁵
1311 1602 1490 1644 misisse.
1557 1602 1851 1655 Apographon
1869 1607 2019 1644 autem
2037 1601 2166 1642 huius

379 1667 596 1709 inuentari
613 1668 746 1721 paulo
763 1675 865 1721 post
885 1669 1128 1710 Bononiam
1148 1669 1397 1722 expeditum
1415 1683 1508 1710 esse
1527 1669 1712 1720 uidetur,
1733 1668 1809 1709 ubi
1826 1668 1872 1709 in
1890 1667 2167 1709 Panormitae

378 1734 668 1787 Lamolaeque
684 1735 883 1776 manibus
900 1742 1156 1777 uersaretur.
1188 1735 1440 1777 Panormita
1456 1735 1589 1777 etiam
1605 1735 1809 1776 notitiam
1823 1734 1930 1776 satis
1945 1733 2165 1787 copiosam

380 1801 433 1841 de
466 1801 599 1851 libris,
648 1815 832 1854 quorum
867 1802 1098 1854 descriptio
1143 1802 1225 1843 hoc
1258 1802 1502 1843 inuentario
1547 1802 1867 1852 continebatur,
1901 1814 2004 1842 cum
2049 1800 2165 1842 Gua-

378 1867 471 1908 rino
488 1868 722 1909 Veronensi
735 1868 1086 1919 communicauit,
1104 1881 1243 1920 neque
1261 1876 1409 1910 tamen
1426 1869 1478 1909 de
1495 1868 1656 1921 origine
1669 1868 1758 1909 eius
1772 1867 2006 1920 quicquam
2016 1873 2166 1920 protu-

377 1933 442 1984 lit,
458 1933 541 1974 nisi
555 1934 646 1975 fore
661 1940 711 1975 ut
725 1934 787 1976 illi
799 1934 898 1975 libri
912 1935 1085 1976 cuidam
1099 1935 1182 1976 sibi
1197 1934 1547 1976 coniunctissimo
1562 1935 1812 1988 propediem
1827 1933 2163 1993 dimitterentur.

379 2001 603 2041 Inuentari
636 2001 931 2053 apographon,
968 2015 1054 2054 quo
1089 2014 1190 2042 usus
1225 2008 1291 2043 est
1325 2002 1592 2055 Panormita,
1628 2000 1921 2054 neglegentius
1954 1999 2166 2052 scriptum

378 2080 468 2107 esse
498 2067 698 2117 debebat,
728 2067 942 2120 siquidem
970 2068 1015 2108 in
1042 2068 1156 2109 illius
1185 2068 1371 2120 epistula
1398 2069 1621 2109 Frontonis
1649 2081 1728 2120 pro
1755 2066 1952 2108 Frontini
1979 2072 2024 2108 et
2051 2065 2166 2108 inter

380 2134 549 2185 Dialogi
581 2133 713 2174 uerba
744 2133 940 2175 ineuntia
971 2135 1186 2186 requirunt
1206 2147 1285 2187 pro
1307 2135 1484 2187 requiris
1506 2133 1700 2186 legimus.
1759 2135 1866 2174 Post
1888 2131 2167 2174 Panormitae

380 2199 611 2251 epistulam
631 2199 688 2240 ad
711 2199 951 2241 Guarinum
972 2200 1123 2242 datam
1142 2201 1156 2225 ⁶
1175 2200 1406 2242 interuallo
1426 2200 1529 2242 anni
1548 2200 1645 2253 plus
1664 2199 1910 2241 intermisso
1930 2197 2167 2239 monachus

465 2321 478 2341 ⁴
491 2320 610 2363 Poggii
627 2321 739 2363 Epist.
758 2321 813 2355 ed.
833 2321 978 2364 Tonelli,
999 2321 1204 2365 Florentiae,
1228 2322 1323 2365 1832,
1349 2323 1367 2356 Ι
1392 2333 1427 2366 p.
1450 2322 1523 2356 168.
1566 2320 1767 2365 Sabbadini,
1785 2321 1872 2356 Stor.
1892 2332 1909 2356 e
1928 2319 2012 2356 Cris.
2030 2330 2066 2364 p.
2085 2318 2167 2362 2633

375 2375 423 2410 id.
437 2376 535 2410 stud.
548 2376 571 2410 I
572 2377 628 2410 tal.
643 2377 714 2410 VII
727 2387 762 2420 p.
780 2377 854 2411 119.

464 2432 477 2453 ⁵
490 2431 683 2465 Sabbadini
693 2431 811 2475 opinio
834 2431 934 2473 (Stor.
948 2444 965 2466 e
976 2432 1059 2467 Crit.
1071 2443 1106 2476 p.
1121 2431 1250 2475 273-4),
1272 2432 1328 2467 cui
1340 2432 1572 2466 Annibaldius
1586 2431 1634 2476 (p.
1649 2430 1702 2474 77,
1724 2431 1806 2466 adn.
1819 2429 1855 2473 2)
1878 2430 2090 2473 suffragatus
2101 2433 2166 2472 est,

378 2486 517 2521 eosdem
531 2486 667 2521 codices
680 2486 750 2521 iam
764 2498 858 2522 anno
875 2487 955 2521 1421
981 2499 1004 2522 a
1018 2487 1287 2523 Bartholomaeo
1302 2488 1347 2522 de
1364 2488 1480 2530 Capra
1497 2487 1766 2530 Archiepiscopo
1792 2484 2049 2522 Mediolanensi
2073 2484 2168 2520 uisos

377 2552 460 2584 esse,
478 2541 631 2576 instabili
647 2542 878 2577 fundamento
893 2542 1029 2586 nititur,
1046 2548 1087 2577 ut
1102 2543 1269 2578 Wissowa
1289 2543 1336 2586 (p.
1355 2542 1427 2584 III)
1446 2548 1540 2577 recte
1555 2542 1735 2577 iudicauit.
1774 2543 1890 2585 Quam
1905 2541 2104 2585 opinionem
2119 2539 2166 2574 ad

377 2597 653 2632 confirmandam
679 2597 767 2632 nihil
785 2602 839 2632 est
856 2597 924 2632 nisi
950 2598 1058 2641 Poggi
1076 2599 1184 2633 uerba
1203 2599 1284 2633 tales
1302 2599 1475 2633 historicos
1502 2598 1539 2632 in
1557 2598 1709 2642 epistula
1727 2596 1879 2633 Londini
1896 2596 1955 2632 die
1981 2597 2019 2631 X
2037 2594 2167 2632 mensis

377 2652 470 2686 Iunii
489 2651 606 2694 (1422)
624 2653 720 2687 data.

465 2708 478 2729 ⁶
491 2708 576 2742 Tres
584 2707 753 2751 epistulae
761 2719 782 2742 a
790 2707 919 2751 Poggio
928 2708 974 2743 ad
983 2708 1169 2743 Nicolaum
1175 2720 1239 2752 per
1245 2708 1312 2743 hoc
1318 2708 1544 2743 interuallum
1552 2708 1657 2743 datae
1676 2712 1811 2751 extant,
1829 2707 1957 2751 quibus
1973 2705 2167 2741 monachus

376 2762 631 2797 Hersfeldensis
645 2763 820 2798 laudatur.
855 2762 904 2805 (1)
923 2763 1043 2806 Poggii
1058 2765 1168 2806 Epist.
1186 2764 1240 2798 ed.
1257 2764 1346 2799 Ton.
1364 2765 1383 2799 I
1397 2775 1432 2807 p.
1453 2762 1527 2807 172,
1544 2764 1618 2798 siue
1632 2763 1728 2807 apud
1743 2761 2003 2797 Michaelisium
2015 2761 2165 2804 Pracsat.

376 2828 410 2861 p.
424 2818 512 2852 XX:
532 2816 694 2859 (Romae)
711 2818 745 2852 d.
763 2818 802 2852 15
815 2830 862 2853 m.
877 2819 962 2853 Dec.
980 2818 1026 2860 (a.
1043 2817 1155 2860 1425).
1204 2813 1225 2829 “
1234 2846 1241 2853 .
1268 2846 1276 2854 .
1303 2846 1310 2854 .
1323 2819 1369 2854 ad
1382 2819 1536 2853 amicum
1547 2823 1708 2854 nostrum
1719 2829 1784 2862 pro
1795 2817 1892 2852 libris
1904 2816 1983 2851 misi
1996 2815 2098 2851 binas
2109 2815 2167 2850 lit·

377 2877 470 2906 teras
486 2878 523 2907 et
539 2873 681 2915 quidem
696 2873 842 2908 diversis
856 2874 1000 2917 nuntiis,
1017 2874 1103 2917 quin
1118 2874 1279 2909 ordinavi
1294 2879 1347 2917 ut,
1363 2885 1445 2909 cum
1459 2874 1598 2909 litterae
1613 2878 1729 2908 essent
1743 2873 1781 2907 in
1796 2872 2039 2915 Nurimberga,
2055 2871 2166 2906 defer-

376 2932 499 2962 rentur
513 2928 559 2962 ad
568 2929 819 2963 monasterium
826 2940 890 2973 per
897 2929 1050 2972 aliquem
1065 2929 1126 2972 qui
1141 2940 1346 2973 responsum
1361 2930 1515 2972 referret,
1532 2934 1569 2963 et
1583 2929 1630 2963 ad
1645 2929 1682 2963 id
1697 2928 1882 2972 pecuniam
1895 2927 2030 2971 paravi,
2045 2926 2167 2969 itaque

377 2994 484 3025 quam
494 2983 647 3026 primum
659 2995 759 3027 spero
769 2995 834 3018 nos
845 2984 991 3019 scituros
1000 2984 1132 3027 aliquid
1142 2984 1304 3019 certius.''
1337 2983 1387 3026 (2)
1400 2984 1519 3027 Poggii
1530 2985 1640 3027 Epist.
1655 2984 1708 3018 ed.
1721 2984 1810 3018 Ton.
1822 2984 1840 3017 I
1851 2994 1886 3026 p.
1901 2981 1974 3025 175,
1985 2982 2059 3016 siue
2068 2980 2165 3025 apud

377 3037 543 3072 Michael.
568 3039 716 3082 Praefat.
737 3050 772 3082 p.
792 3040 881 3074 XX:
926 3040 1060 3074 Romae
1078 3041 1109 3074 V
1122 3039 1201 3074 idus
1214 3040 1314 3074 Febr.
1338 3039 1384 3081 (a.
1409 3039 1523 3080 1426).
1571 3040 1607 3073 ⁶¹.
1635 3067 1641 3073 .
1668 3066 1675 3073 .
1694 3050 1735 3073 ex
1756 3037 1944 3073 Germania
1963 3046 2167 3080 responsum

377 3097 431 3127 est
445 3093 532 3127 mihi
545 3093 681 3128 litteras
695 3094 772 3128 illas
786 3105 859 3129 esse
873 3094 1039 3137 redditas,
1055 3105 1156 3138 spero
1170 3094 1277 3137 igitur
1290 3106 1346 3129 me
1360 3095 1565 3129 habiturum
1578 3094 1780 3138 propediem
1793 3093 1930 3127 litteras
1943 3104 1966 3127 a
1979 3091 2162 3130 monacho.

377 3152 414 3181 et
429 3152 506 3182 tum
521 3153 637 3182 tecum
651 3149 768 3183 omnia
782 3149 1082 3184 communicabo.''
1122 3148 1172 3191 (3)
1189 3150 1309 3192 Poggii
1322 3151 1433 3192 Epist.
1449 3150 1503 3184 ed.
1519 3150 1608 3184 Ton.
1624 3150 1642 3183 I
1656 3161 1690 3192 p.
1710 3147 1783 3191 187,
1798 3148 1872 3182 siue
1885 3147 1981 3191 apud
2000 3146 2162 3182 Michael.

376 3203 524 3246 Praesat.
537 3215 571 3247 p.
583 3205 671 3238 XX:
717 3205 850 3239 Romae
860 3209 968 3239 noctu
977 3206 1105 3239 XVIII
1115 3205 1184 3239 kal.
1197 3205 1276 3240 Oct.
1291 3204 1337 3246 (a.
1353 3203 1467 3246 1426).
1510 3199 1532 3214 “
1540 3232 1547 3239 .
1573 3232 1581 3239 .
1608 3231 1616 3238 .
1637 3204 1681 3238 de
1691 3203 1787 3238 libris
1799 3202 1981 3237 Germanis
1990 3202 2038 3236 nil
2049 3201 2164 3237 dicam
