2340 3840
399 344 461 378 182
707 343 775 377 DE
792 344 820 377 F
821 343 1084 378 RAGMENTI
1101 343 1396 378 SVETONIANI
1412 344 1479 378 DE
1497 343 1841 379 GRAMMATICIS
2109 345 2186 387 [682

399 454 621 497 discedens
649 455 833 496 Crateris
862 454 1068 505 ostendit,
1100 455 1218 508 quod
1245 468 1333 496 non
1362 468 1413 497 ex
1441 454 1640 497 Leidensi
1668 456 1744 498 sed
1772 470 1795 498 e
1825 456 2013 498 Pontani
2041 457 2187 500 codice

398 520 558 574 suscipi
578 520 780 562 debebat.

481 588 633 640 Ipsum
667 586 987 629 Berolinensem
1020 599 1109 628 non
1141 586 1276 628 alium
1310 587 1529 640 quendam
1562 587 1767 639 codicem,
1795 602 1819 630 e
1845 601 1932 641 quo
1965 588 2036 632 ille
2069 595 2188 632 tran-

397 653 583 706 scriptus
593 653 664 704 sit,
677 667 700 695 e
717 653 906 695 Pontani
921 652 1154 706 exemplari
1169 653 1362 695 hausisse
1376 659 1500 706 puto,
1515 666 1614 695 cum
1630 654 1916 707 compluriens
1933 654 2008 697 ubi
2027 651 2068 704 Q
2083 667 2188 698 suae

397 726 541 761 sectae
555 719 760 761 lectiones
775 719 969 771 haberet,
984 726 1138 772 postea
1152 719 1210 761 ad
1224 720 1487 761 Pontaniani
1500 719 1599 761 libri
1614 720 1867 762 memoriam
1881 727 2098 764 correctus
2111 721 2187 764 sit:

399 798 435 827 c.
461 786 509 827 15
532 783 592 839 (p.
619 787 710 837 112,
736 783 804 837 13)
827 786 1135 839 praeceptisque
1154 786 1200 827 in
1219 786 1516 839 perceptisque;
1537 799 1574 827 c.
1600 785 1647 827 17
1670 784 1730 839 (p.
1757 787 1847 838 113,
1873 785 1941 838 11)
1964 787 2188 830 exercitan-

399 852 499 893 dum
519 851 565 893 in
585 852 863 903 exercitanda;
885 865 922 893 c.
945 853 999 894 20
1019 849 1080 905 (p.
1107 852 1198 903 115,
1221 850 1264 903 8)
1289 852 1447 905 profuit
1466 852 1511 893 in
1530 853 1695 905 prefuit.
1756 852 1805 894 C.
1838 854 1889 894 22
1921 851 1982 906 (p.
2018 854 2110 905 116,
2140 852 2185 905 8)

399 918 599 960 librarius
625 915 663 966 Q
684 917 1000 960 molestissimus
1015 932 1038 961 e
1055 918 1244 960 Pontani
1267 918 1378 960 libro
1403 918 1585 972 accepit,
1611 919 1688 961 sed
1713 932 1766 962 ne
1791 919 1968 961 alterius
1992 919 2188 962 lectionis

400 985 729 1027 modestissimus
746 984 954 1027 memoria
967 985 1141 1038 periret,
1156 984 1351 1026 litteram
1365 986 1393 1026 d
1405 995 1537 1038 supra
1551 986 1566 1026 l
1579 985 1765 1038 scripsit.

483 1051 760 1104 Quamquam
787 1051 1108 1093 Berolinensem
1134 1051 1327 1093 codicem
1353 1065 1404 1092 ex
1430 1051 1621 1093 editione
1647 1052 1814 1093 Veneta
1841 1051 2030 1094 Pontani
2054 1051 2188 1094 etiam

400 1117 634 1170 exemplari
669 1118 869 1159 adhibito
904 1118 1153 1159 confectum
1183 1131 1275 1159 esse
1306 1130 1394 1159 non
1430 1118 1571 1169 credo,
1609 1118 1691 1159 hoc
1726 1118 1879 1160 eadem
1909 1117 2070 1161 fiducia
2102 1130 2191 1172 qua

402 1183 641 1225 Rothius⁸48
665 1184 879 1226 affirmare
902 1197 991 1225 non
1013 1196 1205 1237 possum,
1230 1197 1330 1225 cum
1363 1184 1500 1225 cuiuis
1533 1195 1742 1238 apparere
1774 1184 1947 1236 debeat,
1979 1183 2097 1227 locos
2129 1184 2186 1227 ab

402 1249 566 1291 Rothio
588 1250 781 1303 prolatos
804 1250 909 1291 nihil
933 1250 1076 1292 ualere
1099 1251 1157 1292 ad
1178 1263 1304 1292 suam
1326 1250 1574 1303 opinionem
1597 1250 1954 1302 confirmandam,
1976 1250 2191 1304 siquidem

401 1316 602 1357 omnibus
626 1316 687 1358 eis
710 1316 814 1358 locis
839 1316 915 1357 ubi
939 1317 1107 1358 Veneta
1131 1316 1265 1358 editio
1289 1316 1420 1358 falsas
1449 1317 1685 1370 peculiares
1709 1317 1914 1359 lectiones
1943 1317 2118 1360 exhibet
2151 1313 2190 1366 Q

402 1395 525 1424 ueras
559 1382 765 1424 lectiones
800 1397 823 1424 e
857 1383 1047 1424 Pontani
1081 1383 1227 1424 codice
1261 1383 1488 1425 restituere
1521 1384 1681 1436 potuit.
1741 1384 1822 1425 Est
1856 1389 2006 1426 tamen
2039 1383 2192 1438 exigua

401 1448 526 1501 copia
548 1448 798 1500 lectionum,
824 1462 936 1502 quae
960 1449 1256 1491 demonstrare
1279 1449 1512 1491 uideantur
1535 1449 1749 1491 Rothium
1771 1463 1924 1492 uerum
1946 1449 2190 1501 coniecisse,

401 1515 535 1556 etiam
552 1515 588 1556 si
605 1528 694 1556 non
710 1515 928 1567 probauit.
991 1515 1040 1556 C.
1061 1516 1113 1556 26
1131 1513 1192 1568 (p.
1216 1516 1306 1564 123,
1330 1514 1398 1566 14)
1417 1512 1524 1557 Ven.
1544 1516 1716 1557 hordear
1733 1529 1869 1557 meum
1886 1526 1966 1569 pro
1983 1515 2192 1558 hordeari-

401 1594 473 1621 um
496 1594 590 1622 eum
613 1581 760 1632 habet,
790 1578 828 1628 Q
852 1587 1002 1623 autem
1025 1582 1197 1622 hordear
1219 1595 1325 1622 eum.
1386 1582 1470 1623 Sed
1491 1581 1691 1623 librarius
1719 1579 1757 1630 Q
1781 1581 1894 1624 hanc
1915 1582 2147 1625 lectionem
2168 1596 2192 1624 e

401 1647 590 1688 Pontani
613 1647 724 1689 libro
748 1647 963 1700 suscipere
987 1660 1075 1689 non
1098 1647 1260 1700 potuit,
1286 1647 1448 1701 quippe
1473 1648 1548 1701 qui
1575 1648 1839 1690 ordinarium
1867 1662 1961 1690 eum
1989 1654 2190 1691 testetur.

401 1714 521 1755 Haec
539 1714 829 1766 discrepantia
844 1713 957 1755 inter
978 1710 1016 1761 Q
1034 1720 1079 1756 et
1095 1715 1309 1756 Venetam
1325 1714 1560 1756 editionem
1575 1715 1633 1756 ad
1650 1714 1871 1767 quoddam
1887 1714 2192 1768 compendium

399 1779 444 1820 in
463 1781 682 1820 communi
700 1793 850 1821 eorum
868 1780 1107 1833 archetypo
1126 1780 1349 1822 referenda
1366 1787 1446 1831 est,
1466 1786 1511 1822 et
1530 1781 1669 1833 qualis
1687 1787 1799 1823 esset
1818 1780 1945 1822 huius
1962 1781 2192 1834 compendi
2251 1811 2264 1824 .

399 1863 558 1898 natura
582 1845 759 1898 hordea?
778 1857 825 1898 in
850 1853 891 1899 K
915 1864 959 1899 et
986 1854 1018 1899 C
1043 1864 1088 1899 et
1113 1836 1281 1899 hordeo*
1300 1858 1346 1899 in
1367 1855 1417 1899 M
1438 1871 1517 1899 nos
1531 1858 1701 1900 docent.
1744 1858 1869 1900 Idem
1887 1857 2192 1911 compendium

398 1923 573 1965 librario
591 1926 624 1963 Δ
644 1923 819 1966 fraudes
838 1923 955 1975 fecit,
986 1924 1201 1977 siquidem
1220 1925 1414 1966 hordeare
1432 1924 1618 1977 scripsit.
1678 1926 1792 1966 Item
1812 1937 1848 1966 c.
1871 1926 1923 1966 29
1943 1922 2004 1978 (p.
2030 1925 2121 1976 125,
2142 1923 2187 1975 3)

399 1990 533 2031 editio
560 1991 728 2032 Veneta
754 1991 1014 2043 congiarium
1042 1997 1157 2032 recte
1183 1991 1362 2043 profert,
1395 1987 1434 2038 Q
1461 1990 1572 2032 falso
1598 1991 1778 2043 congiar.
1836 1990 1922 2043 Qui
1948 2004 2065 2033 error
2083 1989 2130 2032 in
2152 1987 2191 2039 Q

399 2067 631 2108 manifesto
659 2067 717 2109 ad
744 2068 1050 2120 compendium
1078 2053 1252 2121 congia’r'·
1272 2068 1341 2109 uel
1373 2068 1461 2109 tale
1494 2068 1600 2121 quid
1631 2068 1880 2110 referendus
1912 2074 1993 2110 est.
2054 2069 2104 2110 C.
2141 2069 2191 2110 18

399 2132 459 2186 (p.
482 2135 573 2184 114,
591 2132 636 2184 4)
656 2134 824 2175 Veneta
840 2134 974 2175 editio
990 2148 1033 2175 se
1048 2148 1204 2175 sonans
1221 2135 1459 2176 nominauit
1475 2145 1554 2187 pro
1570 2148 1613 2175 se
1628 2134 1984 2176 trans-nominauit
1999 2130 2192 2186 exhibet5

404 2196 442 2247 Q
464 2212 591 2241 uerae
610 2199 786 2242 lectioni
804 2200 983 2253 propius
1003 2201 1210 2242 accedens
1231 2215 1273 2242 se
1291 2200 1572 2242 transuolauit
1592 2207 1794 2251 testatur,
1818 2200 1936 2254 quod
1954 2214 1978 2242 e
1998 2201 2191 2243 Venetae

399 2266 601 2307 editionis
620 2266 871 2308 testimonio
889 2266 1034 2320 effingi
1051 2280 1293 2320 numquam
1310 2272 1499 2319 poterat.

453 2332 551 2374 Vna
567 2331 710 2383 lectio,
729 2345 840 2385 quae
857 2333 903 2374 in
919 2333 1011 2374 solo
1033 2330 1071 2381 Q
1088 2333 1323 2384 inuenitur,
1343 2333 1474 2386 digna
1490 2339 1556 2374 est
1575 2346 1685 2386 quae
1703 2339 2078 2375 commemoretur.
2139 2333 2189 2375 C.

399 2399 424 2438 3
453 2396 513 2451 (p.
547 2399 638 2449 101,
664 2396 732 2450 15)
763 2399 907 2440 nescio
935 2412 1023 2452 quo
1050 2412 1153 2441 casu
1180 2399 1216 2440 is
1243 2399 1359 2440 solus
1387 2412 1537 2441 ueram
1563 2400 1824 2452 scripturam
1850 2399 1945 2441 stilo
1972 2409 2052 2452 pro
2078 2399 2191 2440 istilo

398 2464 593 2516 praebet.

716 2565 755 2605 8.
816 2564 1085 2606 Cousmzsvs
1099 2576 1239 2606 INTER
1255 2565 1441 2607 STIRPES
1457 2579 1484 2606 a
1498 2577 1555 2606 ET
1571 2577 1604 2615 7
1620 2576 1883 2606 TRAcrATvR

483 2652 709 2703 Quaedam
724 2652 913 2694 affinitas
928 2652 1042 2694 inter
1057 2653 1213 2706 stirpes
1229 2670 1253 2694 α
1270 2660 1315 2695 et
1328 2669 1357 2702 7
1375 2653 1675 2706 quaestionem
1689 2659 1914 2706 prouocat,
1932 2666 2038 2694 num
2053 2652 2192 2695 artius

400 2717 623 2759 uinculum
643 2718 757 2759 inter
778 2718 857 2760 has
879 2719 987 2760 duas
1008 2719 1164 2772 stirpes
1187 2732 1320 2771 quam
1340 2719 1455 2760 inter
1476 2736 1501 2760 α
1523 2725 1567 2761 et
1586 2722 1614 2768 β
1635 2726 1714 2761 aut
1736 2719 1849 2761 inter
1867 2721 1895 2768 β
1917 2725 1962 2761 et
1990 2734 2020 2768 7
2050 2725 2192 2761 statu—

399 2784 562 2825 endum
586 2783 711 2825 sit.³⁴⁹
770 2784 838 2825 Sic
863 2797 900 2825 c.
928 2786 979 2825 23
1006 2783 1067 2837 (p.
1098 2784 1189 2835 117,
1219 2783 1260 2835 7)
1290 2802 1315 2826 α
1340 2792 1385 2826 et
1409 2801 1437 2834 7
1464 2799 1537 2826 nec
1561 2799 1647 2827 non
1671 2785 1797 2827 etiam
1822 2791 1937 2827 recte
1962 2785 2189 2838 proferunt

488 2914 531 2936 ⁸⁴⁸
545 2914 694 2957 Praesat.
708 2925 745 2958 p.
759 2914 894 2949 LVIII:
917 2909 1025 2950 “Non
1039 2926 1114 2950 esse
1128 2915 1221 2950 hunc
1235 2915 1389 2950 codicem
1404 2915 1597 2958 excriptum
1612 2926 1632 2950 e
1644 2915 1780 2951 Veneta
1794 2915 1947 2951 editione
1959 2914 2094 2958 a.1474,
2109 2925 2191 2950 cum

398 2979 469 3012 qua
484 2969 573 3004 mira
589 2969 622 3004 ei
635 2970 854 3004 necessitudo
869 2970 1067 3013 intercedit,
1083 2971 1196 3005 multa
1211 2971 1453 3014 comprobant,
1469 2975 1511 3005 ut
1525 2982 1597 3005 una
1612 2970 1804 3014 eademque
1817 2970 1946 3014 pagina
1961 2970 2027 3005 258
2042 2970 2110 3006 hae
2123 2970 2191 3006 lec-

399 3024 526 3059 tiones:
547 3025 688 3067 uiueret,
711 3029 807 3068 atque
829 3026 947 3068 magis,
970 3026 1080 3068 pretia
1101 3037 1190 3068 uero,
1213 3026 1377 3069 ingressu,
1400 3026 1541 3069 epistola
1562 3026 1712 3069 ostendit,
1735 3026 1846 3069 rigida
1864 3024 2061 3069 (perperam
2083 3023 2191 3067 hoel),

399 3090 548 3122 quarum
561 3080 636 3114 loco
650 3079 758 3115 editio
772 3080 831 3115 illa
844 3080 908 3115 has
920 3081 1088 3123 praefert:
1109 3081 1243 3124 uixerit,
1258 3092 1297 3115 ac
1309 3081 1428 3124 magis,
1442 3081 1562 3124 pretia,
1575 3092 1699 3124 gressu,
1713 3081 1864 3124 epistola,
1877 3081 2018 3124 tigida.”

488 3135 529 3157 ⁸⁴⁰
544 3135 683 3178 Dialogi
701 3135 852 3170 editores
870 3136 960 3170 hanc
978 3136 1270 3171 necessitudinem
1287 3136 1381 3171 inter
1399 3151 1421 3171 a
1439 3141 1477 3171 et
1494 3149 1520 3176 7
1538 3147 1724 3179 agnoscere
1742 3135 1917 3171 uidentur.
1963 3135 2053 3171 Vide
2072 3135 2190 3171 Gude-

398 3191 519 3225 manni
535 3195 685 3226 stemma
700 3190 792 3225 infra
806 3202 842 3234 p.
859 3192 918 3226 191
937 3191 1142 3227 exhibitum.
1189 3191 1301 3235 Stirps
1315 3195 1378 3234 βΞ
1388 3190 1417 3236 Χ
1434 3191 1471 3226 in
1486 3192 1622 3235 Diologi
1638 3196 1835 3227 stemmate.
