2340 3840
0 175 14 307 *acuas-..1
0 108 14 154 -122
6 84 14 92 ;
10 38 13 44 .
7 9 17 22 ..2

149 305 228 359 581]
549 306 614 340 ΕΤ
629 305 939 341 RHETORIBVS
957 305 1184 342 CODICVM
1201 307 1339 342 NEXV
1355 307 1418 341 ET
1435 307 1551 342 FIDE
1908 309 1951 344 81

150 433 202 462 ex
227 417 401 473 Apulei’
423 417 483 470 (h.
509 431 545 460 e.
573 415 801 471 Apuleius)
827 424 1080 471 corruptam
1102 419 1281 471 puto.¹⁸⁴
1305 419 1348 461 Si
1371 426 1521 462 autem
1546 420 1802 462 Suetonium
1828 421 1864 462 Α
1872 427 1951 474 pu-

148 485 259 529 laius
279 484 498 541 scripsisse
520 485 749 536 credimus,
773 484 983 526 continuo
1004 491 1189 538 apparet
1211 492 1311 528 utra
1334 499 1483 528 earum
1506 486 1692 528 duarum
1713 486 1952 529 lectionum

149 552 395 595 conductus:
409 552 627 594 conductos
643 551 891 594 adhibenda
907 551 977 593 sit.
1033 552 1211 594 Lacuna
1224 559 1326 605 post
1342 554 1566 599 conductus
1582 559 1697 595 certe
1714 554 1951 596 statuenda

149 626 233 672 est,
250 626 296 662 et
312 625 460 661 totum
476 619 621 661 locum
637 618 698 660 sic
714 618 828 672 lego:
863 620 912 660 L.
934 619 1146 672 Apuleius
1163 619 1213 660 ab
1233 619 1392 673 Aeficio
1409 620 1592 662 Caluino
1609 619 1741 673 equite
1761 621 1950 663 Romano

150 685 384 740 praediuite
401 685 700 739 quadringenis
719 686 877 727 annuis
896 686 1120 727 conductus
1146 692 1280 730 <esse
1298 687 1452 728 dicitur
1471 692 1592 739 atque
1609 687 1659 728 in
1685 687 1950 740 Hispaniam

149 752 392 798 deductus>
418 757 467 794 ut
485 753 614 794 Oscae
634 753 801 794 doceret.
854 753 999 794 Causa
1019 753 1364 805 corruptelarum
1384 753 1509 795 facile
1531 753 1719 804 uidetur,
1741 767 1846 795 nam
1867 753 1950 796 illis

150 819 293 862 uerbis
309 832 421 873 quae
437 819 637 872 suppleui
653 819 722 860 uel
737 819 797 861 eis
814 819 1042 860 simillimis
1059 819 1245 873 delapsis
1264 821 1475 873 Apuleius
1492 820 1536 861 in
1555 820 1591 861 A
1599 820 1789 873 puleium
1807 827 1950 863 muta-

150 893 247 930 tum
265 893 333 929 est
351 892 402 929 ut
420 899 448 928 a
465 886 599 928 uerbo
617 890 769 928 constet
786 885 829 937 (1.
853 884 917 936 10)
934 886 1156 939 penderet.
1213 887 1310 928 Hac
1329 887 1497 928 ratione
1517 887 1772 940 explicanda
1792 894 1858 930 est
1877 887 1951 930 illa

149 967 191 996 m
217 953 263 996 in
291 953 534 996 mutescedo.
593 954 711 995 Nam
739 953 913 995 nomine
943 954 1156 1006 Apuleius
1183 954 1228 995 in
1259 954 1493 1007 Apuleium
1522 960 1695 996 mutato
1723 954 1949 996 conductus

149 1033 324 1075 quoque
349 1020 601 1063 correctoris
629 1033 808 1062 manum
833 1033 1086 1074 perpessum
1112 1026 1192 1072 est,
1221 1034 1346 1074 quae,
1375 1027 1425 1062 ut
1452 1021 1640 1072 uidetur,
1667 1020 1862 1063 litteram
1888 1034 1948 1062 -m

147 1100 280 1141 supra
303 1100 343 1129 -s
365 1086 527 1141 posuit,
554 1087 668 1129 unde
691 1087 841 1130 littera
864 1087 938 1129 illa
961 1088 1075 1130 inter
1099 1088 1323 1130 conductus
1349 1095 1393 1130 et
1416 1093 1463 1130 ut
1487 1088 1531 1129 in
1557 1094 1728 1130 textum
1752 1087 1947 1140 inrepsit.

149 1154 311 1197 Multos
327 1155 506 1196 edoceret
522 1154 655 1207 igitur
674 1167 789 1196 uana
807 1161 873 1196 est
891 1154 1172 1208 interpolatio
1190 1155 1248 1196 ad
1266 1155 1496 1197 mutoscedo
1515 1155 1669 1197 doceret
1687 1154 1949 1206 sanandum,

149 1234 261 1275 quae
287 1221 472 1264 alteram
499 1221 636 1263 etiam
663 1221 956 1274 corruptelam
983 1222 1203 1263 conductos
1229 1222 1412 1275 peperit.
1471 1222 1567 1263 Hae
1595 1234 1745 1263 omnes
1774 1233 1949 1275 corrup·

148 1288 288 1331 tiones
307 1288 353 1330 in
371 1288 482 1330 libro
503 1288 797 1331 Hersfeldensi
816 1289 905 1330 iam
925 1289 1150 1340 extabant,
1172 1289 1287 1331 unde
1306 1289 1448 1342 prima
1468 1289 1644 1331 exordia
1664 1301 1815 1330 earum
1834 1289 1948 1330 anti-

147 1354 357 1410 quissima
386 1355 518 1398 fuisse
549 1355 768 1398 uidentur.
830 1356 899 1398 Ne
931 1356 1028 1410 quis
1060 1363 1222 1398 temere
1253 1370 1322 1398 me
1354 1356 1489 1398 talem
1519 1356 1724 1398 lacunam
1754 1362 1948 1398 statuere

147 1421 380 1474 existimet,
405 1423 488 1465 hoc
502 1423 734 1475 admoneo,
750 1437 804 1465 ne
828 1437 966 1464 unum
990 1423 1168 1477 quidem
1191 1424 1350 1474 locum,
1377 1423 1452 1464 ubi
1476 1423 1661 1465 aliorum
1684 1421 1947 1476 scriptorum

147 1489 399 1537 testimonia
419 1489 546 1532 nobis
567 1490 868 1544 suppeditant,
892 1490 1061 1532 codices
1082 1497 1254 1532 nostros
1278 1497 1448 1532 textum
1470 1490 1642 1532 saluum
1663 1489 1883 1543 praebere.
1896 1489 1948 1515 ¹³⁸

148 1557 255 1599 Meo
276 1556 454 1610 quidem
475 1557 636 1599 iudicio
660 1557 735 1610 qui
756 1557 917 1599 librum
940 1557 1290 1599 Hersieldensem
1314 1557 1463 1599 multis
1486 1557 1652 1598 lacunis
1677 1556 1948 1598 maculatum

147 1637 236 1666 non
260 1624 488 1678 agnouerit
514 1637 664 1666 ueram
689 1624 881 1666 indolem
906 1624 997 1666 eius
1024 1638 1111 1666 non
1136 1625 1369 1678 perspexit.
1426 1625 1480 1665 In
1506 1624 1589 1665 hac
1614 1630 1765 1665 autem
1790 1623 1948 1665 lacuna

147 1690 390 1745 supplenda
413 1691 520 1734 haec
542 1691 588 1733 in
611 1691 758 1733 animo
782 1691 1014 1743 habebam,
1038 1692 1179 1745 primo
1204 1691 1471 1733 mentionem
1494 1690 1674 1732 alicuius
1697 1690 1948 1744 prouinciae

147 1757 238 1800 fieri
256 1757 425 1810 debere,
446 1771 558 1812 quae
575 1758 801 1812 prouincia
820 1765 886 1800 est
906 1759 1121 1812 Hispania
1140 1759 1175 1800 si
1194 1759 1323 1800 Oscae
1342 1772 1421 1799 suo
1439 1758 1534 1800 loco
1555 1764 1670 1800 recte
1690 1757 1946 1800 restitutum

145 1831 226 1876 est,
249 1824 404 1867 deinde
425 1825 603 1867 lacunas
624 1825 873 1878 saepissime
896 1826 955 1867 eis
977 1826 1081 1867 locis
1104 1825 1257 1868 exoriri
1279 1826 1355 1867 ubi
1376 1825 1493 1867 idem
1515 1825 1698 1866 uerbum
1719 1837 1858 1877 paruo
1880 1824 1945 1865 in-

146 1891 330 1935 tei-uallo
351 1892 597 1935 intermisso
620 1892 857 1945 repetitum
879 1893 950 1944 sit,
975 1900 1054 1935 aut
1078 1893 1212 1935 uerba
1235 1892 1432 1934 similiter
1456 1887 1698 1934 desinentia
1721 1891 1766 1932 in
1790 1891 1947 1933 eodem

146 1972 272 2002 uersu
294 1959 364 2001 uel
386 1959 581 2002 uersibus
603 1959 818 2014 contiguis
840 1974 885 2002 se
907 1960 1171 2002 habeant.¹³⁶
1236 1961 1351 2013 Ergo
1373 1960 1455 2000 hoc
1476 1959 1572 2000 loco
1594 1958 1708 2001 inter
1730 1971 1781 2000 ea
1805 1958 1947 2000 uerba

145 2038 257 2081 quae
278 2026 454 2080 delapsa
474 2033 579 2069 sunt
612 2027 822 2078 deductus,
846 2028 914 2069 uel
935 2027 1023 2070 tale
1045 2027 1150 2080 quid
1170 2027 1332 2068 eisdem
1353 2026 1530 2079 syllabis
1552 2025 1749 2067 desinens
1771 2038 1823 2067 ac
1852 2038 1948 2067 con-

144 2093 305 2146 ductus,
327 2093 532 2136 ultimum
550 2093 696 2136 locum
715 2094 911 2136 obtinere
933 2094 1136 2146 debebat,
1158 2100 1202 2136 et
1222 2094 1267 2135 in
1295 2093 1452 2134 lacuna
1482 2091 1738 2146 supplenda,
1770 2091 1948 2134 etiarnsi

145 2173 197 2203 ea
210 2160 306 2215 ipsa
318 2160 458 2203 *uerba
477 2161 634 2214 quibus
653 2174 756 2202 usus
775 2167 840 2203 est
861 2161 1092 2203 Suetonius
1108 2174 1196 2202 non
1212 2160 1396 2211 restitui,
1421 2173 1570 2201 ueram
1592 2159 1808 2201 rationem
1829 2172 1948 2200 secu-

146 2235 217 2270 tus
235 2241 327 2270 esse
346 2227 454 2270 mihi
473 2227 635 2270 uideor.

229 2294 279 2337 C.
302 2295 355 2336 22
375 2293 435 2348 (p.
460 2295 554 2346 116,
580 2293 646 2346 15)
669 2295 837 2336 codices
861 2292 899 2336 Ο
923 2292 976 2336 W
997 2295 1299 2337 testimonium
1320 2295 1376 2335 ab
1399 2308 1449 2336 eo
1471 2300 1717 2335 ceterorum
1737 2293 1949 2334 librorum

145 2361 273 2404 ualde
290 2361 538 2415 discrepans
555 2362 794 2415 proferunt.
845 2363 1028 2404 Familia
1046 2358 1082 2404 Y
1098 2375 1148 2403 ex
1165 2363 1349 2404 oratione
1374 2362 1592 2402 Tiberium
1609 2367 1815 2411 testatur,
1837 2356 1875 2401 Ο
1896 2356 1948 2400 W

143 2436 194 2470 ex
212 2429 399 2470 oratione
414 2429 588 2471 tiberius
606 2427 832 2482 (Tyberius
854 2426 907 2480 O)
931 2430 1103 2472 uerbum
1123 2429 1375 2472 ostendunt.
1428 2425 1738 2481 Maduigius¹³⁷
1759 2427 1849 2468 iam
1871 2425 1949 2468 du-

145 2495 250 2537 dum
275 2496 567 2549 corruptelam
593 2496 638 2538 in
663 2496 847 2538 lectione
874 2497 1054 2550 uulgata
1080 2510 1129 2538 ex
1148 2497 1332 2538 oratione
1359 2496 1573 2537 Tiberium
1593 2494 1728 2536 latere
1749 2493 1950 2535 animad-

145 2563 278 2605 uertit
299 2563 507 2605 scribens:
530 2557 791 2605 “Neminem
817 2563 1168 2616 reprehendimus
1183 2577 1233 2605 ex
1248 2563 1458 2613 oratione,
1476 2575 1615 2615 neque
1632 2560 1949 2615 grammaticus

144 2629 367 2671 Tiberium
402 2629 546 2683 ipsum
583 2631 930 2683 reprehenderat,
968 2644 1046 2672 nec
1082 2631 1190 2672 illud
1227 2631 1360 2672 habet
1394 2643 1480 2682 quo
1513 2629 1738 2670 referatur.
1806 2627 1948 2680 Scrip-

230 2740 274 2763 ¹⁸⁴
285 2739 354 2776 Hic
367 2751 462 2776 error
475 2741 513 2776 in
528 2740 604 2784 ipso
619 2739 663 2775 W
677 2740 771 2785 oriri,
795 2741 894 2784 signo
915 2741 924 2758 '
939 2753 1002 2785 per
1015 2741 1135 2776 librari
1158 2741 1413 2784 neglegentiam
1427 2729 1584 2786 omisso‚}
1593 2739 1650 2774 uel
1665 2738 1737 2773 iam
1752 2742 1860 2773 antea
1881 2737 1953 2772 iac-

143 2801 202 2832 tus
223 2806 298 2832 esse
319 2796 449 2840 potuit.
495 2796 639 2840 Signum
662 2797 749 2832 illud
770 2808 835 2840 pro
851 2808 909 2832 -us
930 2797 967 2832 in
981 2795 1026 2832 W
1057 2798 1195 2841 saepius
1226 2797 1415 2839 inuenitur,
1446 2795 1634 2839 praecipue
1656 2795 1692 2829 in
1724 2793 1850 2829 indice.
1906 2793 1951 2828 In

143 2852 303 2896 Agricola
322 2852 451 2888 Aesino
472 2863 582 2887 unum
605 2853 717 2888 solum
730 2853 926 2897 exemplum
941 2858 1039 2888 extat
1059 2853 1098 2895 (f.
1118 2846 1192 2897 56¹³,
1207 2851 1242 2895 8)
1255 2853 1351 2887 man'
1365 2850 1528 2894 (manus).
1559 2851 1648 2886 Vide
1671 2850 1762 2884 inira
1784 2861 1820 2892 p.
1843 2849 1885 2883 91
1902 2848 1951 2883 ad

231 2963 274 2986 ¹⁸⁶
284 2963 374 2999 Vide
387 2975 493 3007 supra
507 2976 543 3007 p.
561 2964 602 2998 78
618 2976 670 3007 sq.

230 3019 276 3042 ¹⁸⁸
287 3019 376 3055 Vide
389 3031 495 3063 supra
508 3032 543 3063 p.
562 3019 615 3055 78.
646 3021 686 3055 C.
700 3021 743 3055 28
756 3020 805 3064 (p.
822 3022 895 3064 124,
912 3020 965 3063 12)
980 3022 1147 3059 eduobus
1161 3022 1258 3056 libris
1273 3019 1306 3055 D
1321 3026 1358 3056 et
1372 3018 1416 3063 Q,
1433 3020 1494 3062 qui
1509 3019 1643 3054 nullam
1658 3016 1950 3052 necessitudinem

141 3074 235 3111 inter
246 3085 284 3111 se
297 3075 442 3119 habent,
456 3077 564 3111 uerba
578 3081 698 3110 sectam
713 3082 907 3121 sequeretur,
923 3079 1021 3112 malle
1035 3078 1205 3121 respondit
1222 3077 1372 3111 Isaurici
1395 3075 1608 3116 exciderunt,
1632 3078 1778 3117 propter
1800 3072 1949 3107 uerbum

144 3130 296 3166 Isaurici
308 3131 346 3166 in
360 3131 534 3174 contiguis
548 3132 706 3167 uersibus
722 3133 922 3176 repetitum.

231 3186 276 3209 ¹⁸⁷
289 3187 433 3222 Adam.
449 3187 533 3222 Crit.
548 3188 586 3222 11
599 3199 634 3231 p.
650 3189 726 3223 582.
