2340 3840
119 310 200 379 ‘sm
521 334 586 369 ΕΤ
601 334 912 371 Rnn‘romnvs
928 335 1156 371 comcvM
1172 336 1311 372 NExv
1326 337 1390 371 ET
1406 337 1523 371 mm:
1886 338 1928 374 77

205 448 257 491 C.
276 447 330 491 25
349 446 410 501 (p.
434 448 527 499 120,
549 445 590 499 2)
613 444 666 489 W
685 450 790 490 ciere
809 448 1017 490 ostendit.
1070 449 1183 490 Cum
1201 449 1311 490 liber
1332 450 1648 492 Hersfeldensis
1670 458 1764 493 tam
1786 453 1925 495 multa

120 514 306 569 uestigia
321 514 563 569 scripturae
580 515 814 557 continuae
832 515 1026 566 haberet,
1046 529 1134 557 non
1153 516 1310 558 dubito
1328 516 1434 569 quin
1451 517 1566 558 idem
1585 517 1629 558 in
1648 531 1699 559 eo
1716 519 1926 572 extiterit,

119 582 240 637 quod
254 580 456 625 librarius
474 578 511 624 Y
525 581 572 623 in
588 582 919 624 transcribendo
936 589 1052 624 recte
1069 582 1114 623 in
1131 583 1172 624 ei
1187 596 1209 624 e
1225 596 1269 624 re
1286 583 1582 635 explicauerit.
1631 581 1670 626 Ο
1688 592 1838 627 autem
1856 600 1925 628 eo-

119 649 222 692 dem
237 648 336 692 loco
351 649 479 691 eicere
495 648 676 702 profert,
725 649 841 691 Satis
860 656 926 691 est
946 649 1254 691 admirandum
1281 649 1425 691 uirum
1451 651 1644 702 doctum,
1673 652 1748 704 qui
1768 649 1806 693 Ο
1827 666 1924 695 exa-

118 715 251 768 nuit,
266 728 421 758 uerum
442 715 488 758 in
509 716 615 758 eim
637 715 772 758 latere
795 728 884 757 non
907 715 1080 767 uidisse,
1097 716 1173 758 sed
1195 716 1303 757 illud
1325 717 1452 758 eicere
1474 731 1562 759 non
1586 724 1652 760 est
1676 719 1924 762 coniectura

118 781 248 825 huius
269 781 433 834 librari,
458 795 561 824 cum
583 782 701 824 idem
724 783 770 824 in
795 782 1143 824 Vindobonensis
1169 783 1361 836 margine
1385 784 1528 836 prima
1553 797 1686 826 manu
1710 786 1922 839 scriptum

117 849 382 893 inueniatur.
430 850 522 892 Aut
542 849 702 903 duplex
720 849 851 892 lectio
870 852 992 892 ciere:
1007 851 1133 892 eicere
1152 850 1198 891 in
1214 850 1510 892 Hersfeldensi
1529 858 1637 903 erat,
1654 859 1732 894 aut
1752 854 1878 895 eicere
1898 867 1924 896 a

116 915 297 960 librario
309 913 347 959 X
358 916 668 959 concinnatum
683 923 763 968 est,
774 917 851 958 sed
867 916 966 958 talis
982 917 1171 958 uarietas
1187 917 1364 958 omnino
1380 931 1479 959 cum
1494 918 1638 960 indole
1651 919 1925 962 Hersfelden—

117 984 176 1026 sis
194 983 295 1026 libri
313 997 548 1037 congruere
569 983 676 1025 mihi
695 983 884 1026 uidetur.

203 1050 356 1092 Minus
368 1056 537 1093 certum
550 1057 616 1092 est
630 1063 667 1092 c.
683 1051 708 1091 8
721 1049 781 1104 (p.
800 1051 892 1102 106,
910 1048 950 1101 7)
967 1051 1042 1092 ubi
1058 1047 1096 1092 Ο
1113 1052 1179 1092 Μ.
1198 1052 1411 1093 Pomilius
1428 1053 1698 1093 Andronicus
1713 1054 1920 1105 ostendit,

119 1115 173 1160 W
187 1118 233 1160 in
249 1123 374 1160 textu
390 1118 446 1159 M
463 1118 693 1171 Pompeius
709 1118 966 1159 andronicus
981 1118 1058 1159 sed
1074 1118 1119 1159 in
1136 1118 1330 1170 margine
1346 1119 1531 1160 eandem
1546 1119 1791 1172 lectionem,
1810 1134 1922 1173 quae

117 1184 282 1238 ubique
296 1184 342 1226 in
357 1184 526 1226 familia
538 1181 574 1226 Y
585 1184 822 1236 inuenitur,
841 1187 907 1227 M.
925 1186 1160 1238 pompilius
1178 1186 1448 1237 andronicus,
1464 1186 1644 1238 profert.
1692 1188 1744 1228 In
1762 1188 1921 1230 utrius-

117 1265 203 1305 que
219 1251 320 1294 libri
338 1251 480 1294 indice
499 1252 652 1294 eadem
672 1252 918 1305 corruptela
939 1264 1073 1304 quam
1096 1249 1133 1293 O
1155 1252 1199 1293 in
1220 1252 1363 1305 capite
1384 1253 1409 1293 8
1437 1253 1645 1304 ostendit,
1679 1255 1745 1295 M.
1777 1256 1922 1298 Pomi-

115 1319 203 1362 zius
221 1317 442 1373 (pomilius
465 1315 534 1371 W)
559 1320 828 1370 andronicus,
853 1319 1040 1361 uidetur.
1104 1320 1156 1360 In
1180 1333 1223 1361 re
1247 1333 1351 1361 sane
1375 1320 1509 1361 dubia
1532 1321 1614 1362 hoc
1636 1331 1853 1374 propono:
1876 1322 1921 1364 in

115 1389 257 1432 indice
276 1389 489 1432 Pomilius
505 1389 654 1431 librari
674 1387 710 1431 X
728 1403 870 1432 merus
889 1397 955 1432 est
968 1403 1098 1441 error,
1112 1390 1234 1431 cuius
1247 1397 1406 1432 natura
1419 1390 1546 1432 facile
1557 1392 1831 1444 perspicitur.
1869 1394 1922 1434 In

116 1460 261 1515 capite
277 1460 304 1502 8
322 1460 458 1502 codex
476 1459 792 1502 Hersfeldensis
811 1461 1030 1513 duplicem
1047 1460 1279 1502 lectionem
1299 1462 1365 1503 M.
1389 1461 1621 1514 Pompeius
1639 1469 1684 1504 et
1703 1464 1770 1504 M.
1794 1464 1920 1504 Pom·

115 1531 251 1585 pilius
271 1530 482 1583 exhibuit,
505 1538 640 1584 quam
660 1531 861 1573 librarius
886 1529 922 1572 X
944 1531 1231 1584 transcripsit.
1283 1532 1506 1573 Librarius
1541 1529 1579 1574 Ο
1612 1540 1761 1574 utrum
1796 1535 1922 1575 Pom-

115 1603 239 1656 peius
261 1614 321 1647 an
347 1602 590 1655 Pompilius
615 1603 893 1644 scribendum
918 1609 1031 1644 esset
1056 1602 1264 1654 nescienS,
1290 1602 1501 1644 auxilium
1526 1603 1583 1644 ab
1609 1603 1750 1646 indice
1775 1604 1920 1657 petiit,

115 1672 358 1726 falsamque
371 1672 603 1715 lectionem
620 1674 832 1715 Pomilius
846 1673 908 1714 ibi
922 1673 1150 1716 inuentam
1163 1673 1209 1715 in
1224 1680 1479 1715 contextum
1495 1674 1651 1727 capitis
1666 1675 1692 1716 8
1707 1674 1913 1727 suscepit.

53 1736 57 1741 ‘
115 1743 244 1796 Quod
260 1757 313 1786 eo
329 1743 498 1786 facilius
515 1744 686 1786 credere
702 1755 895 1797 possum,
911 1758 997 1797 quo
1016 1757 1103 1786 uno
1121 1744 1278 1786 saltem
1294 1744 1390 1786 loco
1406 1744 1608 1785 librarius
1629 1742 1667 1786 Ο
1686 1744 1922 1799 interpola-

116 1813 283 1857 tionem
300 1813 347 1856 in
365 1814 554 1857 indicem
574 1829 597 1856 e
617 1822 826 1858 contextu
847 1815 1152 1857 introduxit.1¹²

199 1884 467 1928 Difficillima
481 1885 657 1928 uidetur
673 1886 872 1939 quaestio
888 1887 941 1928 de
956 1886 1233 1939 grammatici
1250 1886 1424 1927 Remmi
1439 1886 1713 1928 Palaemonis
1729 1887 1919 1928 nomine.

115 1957 170 1997 In
180 1955 326 1999 indice
338 1954 399 2010 (p.
417 1957 485 2008 98,
503 1954 571 2008 21)
589 1953 642 1998 W
658 1958 707 2010 Q.
723 1958 926 1999 remmius
942 1964 1057 1999 recte
1072 1957 1253 2010 profert,
1272 1954 1310 1998 Ο
1331 1957 1392 2010 .Q.
1411 1957 1616 2010 yemmius
1633 1957 1822 1999 exhibet.
1869 1959 1922 1998 In

41 2081 44 2084 ⁴
115 2039 152 2068 c.
171 2026 223 2068 23
243 2024 304 2080 (p.
330 2026 424 2079 116,
447 2025 516 2078 22)
541 2024 580 2069 Ο
599 2028 816 2069 Remmius
839 2027 1119 2081 praenomine
1142 2027 1301 2068 omisso
1323 2027 1471 2078 habet,
1500 2024 1563 2068 W
1579 2034 1730 2069 autem
1750 2037 1796 2071 M
1821 2028 1923 2068 Em-

116 2097 276 2139 minasu‘
289 2096 335 2139 in
347 2103 557 2140 contextu
571 2098 647 2140 sed
660 2098 706 2140 in
723 2099 912 2151 margine
926 2099 983 2140 ab
998 2098 1151 2140 eadem
1166 2111 1299 2139 manu
1314 2098 1526 2150 scriptum
1541 2097 1594 2139 αι’
1612 2098 1673 2150 .Q.
1688 2099 1922 2140 Remmius.

117 2168 169 2209 In
188 2167 355 2210 familia
373 2164 410 2209 Y
427 2169 660 2211 Memmius
678 2183 898 2222 nusquam
915 2168 1151 2220 inuenitur,
1171 2182 1311 2221 neque
1329 2181 1595 2221 praenomen
1622 2169 1670 2222 Q.
1691 2169 1774 2209 nisi
1802 2169 1847 2210 in
1879 2165 1919 2210 K

114 2238 325 2280 omissum
349 2239 483 2281 est.¹¹⁴
535 2241 572 2281 E
599 2240 817 2282 contrario
843 2253 946 2282 uera
971 2240 1186 2292 scriptura
1214 2240 1434 2280 Remmius
1459 2239 1504 2280 in
1530 2239 1621 2280 sola
1650 2236 1685 2280 X
1710 2239 1921 2290 inuenies,

115 2322 216 2351 cum
236 2309 282 2351 in
302 2309 470 2352 familia
491 2306 527 2352 Y
547 2310 659 2352 falsa
679 2311 828 2353 littera
848 2311 875 2352 h
895 2317 996 2364 post
1021 2312 1059 2351 R
1080 2310 1322 2363 inrepserit,
1345 2310 1428 2351 nisi
1449 2310 1565 2363 quod
1586 2307 1607 2351 1
1629 2309 1674 2351 in
1697 2310 1837 2352 indice
1858 2323 1920 2352 re-

115 2379 259 2421 minas
284 2380 492 2423 ostendit.
547 2381 664 2423 Mihi
688 2381 846 2434 duplex
871 2381 1001 2423 lectio
1027 2378 1279 2422 Memmius:
1304 2381 1352 2434 Q.
1383 2381 1602 2422 Remmius
1629 2380 1923 2422 Hersfeldensi

112 2449 227 2492 libro
251 2450 518 2493 uindicanda
544 2451 733 2504 uidetur,
760 2452 836 2493 sed
862 2459 981 2494 certa
1007 2458 1265 2505 argumenta
1292 2452 1463 2493 desunt.
1520 2452 1675 2503 Neque
1702 2451 1811 2492 tales
1837 2451 1920 2492 lec-

117 2520 255 2563 tiones
273 2521 422 2575 quales
440 2535 476 2563 c.
497 2523 522 2563 9
539 2520 598 2575 (p.
622 2523 714 2574 106,
734 2520 801 2573 20)
822 2537 915 2564 mox
932 2536 981 2564 ex
997 2523 1141 2576 qu0,1¹⁵
1158 2536 1193 2563 c.
1223 2523 1277 2563 30
1301 2520 1361 2574 (p.
1384 2522 1477 2572 126,
1496 2520 1536 2571 9)
1555 2522 1719 2563 inlitem
1739 2522 1917 2574 quedam

118 2675 128 2688 ·
202 2654 242 2677 ¹²¹
253 2653 295 2690 C.
310 2654 352 2689 13
362 2652 412 2698 (ρ.
429 2654 503 2698 110,
517 2653 573 2697 21)
587 2655 677 2691 Vide
689 2666 795 2699 supra
806 2667 842 2699 p.
857 2656 901 2690 58
916 2656 963 2691 ad
979 2656 1038 2691 fin.

202 2709 244 2733 ¹¹¹
255 2709 393 2746 Littera
405 2710 450 2745 M
461 2710 498 2745 in
511 2711 627 2755 spatio
639 2722 753 2746 uacuo
766 2711 942 2755 quadrato
954 2712 1002 2746 ad
1013 2711 1182 2746 maiorem
1195 2711 1364 2753 litteram,
1378 2721 1471 2753 quae
1482 2709 1591 2744 minio
1604 2709 1820 2745 conficienda
1833 2715 1921 2752 erat,

112 2763 338 2801 indicandam
353 2766 485 2810 scripta
499 2771 565 2802 est.
612 2767 748 2802 Himius
761 2766 799 2809 (l.
815 2778 843 2802 c.
859 2779 895 2811 p.
913 2765 992 2809 549)
1009 2767 1100 2802 hanc
1115 2767 1161 2801 M
1176 2772 1214 2802 et
1228 2767 1415 2801 nonnullas
1429 2766 1517 2801 alias
1532 2766 1670 2800 litteras
1684 2766 1760 2801 eius
1774 2766 1871 2800 modi
1886 2765 1923 2800 in

113 2820 272 2864 capitum
290 2820 402 2857 initiis
419 2822 594 2858 indicatas
612 2823 797 2866 posteriori
816 2823 957 2858 cuidam
976 2824 1098 2858 manui
1117 2823 1313 2858 attribuere
1331 2822 1457 2857 uoluit.
1504 2821 1599 2856 Mihi
1618 2821 1762 2864 quidem
1781 2821 1924 2857 uidetur

111 2886 236 2913 omnes
250 2877 366 2913 eidem
382 2878 507 2914 manui
522 2889 615 2922 quae
631 2878 787 2914 codicem
805 2879 965 2915 exarauit
979 2879 1155 2915 uindicari
1170 2866 1287 2923 posse.
1332 2878 1411 2913 Hoc
1422 2888 1487 2921 pro
1504 2882 1602 2912 certo
1618 2876 1743 2920 habeo,
1755 2887 1801 2912 ne
1815 2888 1924 2912 unam

112 2932 256 2976 quidem
269 2944 391 2970 earum
403 2933 605 2971 litterarum
619 2935 666 2969 ab
680 2946 722 2970 eo
735 2940 931 2971 correctore
949 2946 1056 2979 quem
1074 2936 1143 2970 m.2
1158 2935 1302 2970 nomino
1316 2934 1449 2969 factam
1463 2943 1553 2976 esse;
1567 2932 1668 2968 cuius
1679 2943 1807 2968 manus
1818 2944 1923 2976 prop-

113 2993 170 3025 ter
179 2993 421 3026 atramentum
433 2991 598 3035 pallidius
610 3002 675 3025 nos
687 3002 766 3026 raro
779 2991 883 3028 fauit.
915 2991 955 3027 C.
969 2993 992 3027 9
1002 2991 1052 3035 (p.
1069 2991 1144 3034 106,
1161 2989 1215 3032 17)
1229 2995 1315 3025 ante
1326 2989 1477 3025 Orbilius
1489 2989 1549 3023 illa
1561 2990 1630 3023 m.2
1643 2989 1799 3024 litteram
1812 2999 1924 3032 quan—

111 3044 208 3089 dam,
222 3045 261 3088 S,
276 3050 320 3082 ut
332 3045 487 3091 uidetur,
501 3047 632 3091 posuit.
679 3048 778 3082 Haec
793 3047 821 3082 S
834 3053 956 3082 autem
971 3053 1050 3082 toto
1065 3047 1162 3082 caelo
1177 3046 1298 3081 differt
1312 3057 1335 3080 a
1349 3045 1471 3080 littera
1488 3046 1517 3079 L
1531 3055 1640 3088 quam
1654 3045 1768 3088 prima
1783 3055 1922 3087 manus,

111 3104 155 3136 ut
168 3110 308 3146 censeo,
323 3101 447 3138 eodem
462 3103 539 3139 loeo
555 3103 593 3137 in
608 3103 725 3146 spatio
740 3103 916 3146 quadrato
932 3103 1115 3138 indicauit.

201 3157 242 3180 ¹²⁴
254 3156 344 3194 Vide
356 3169 465 3202 supra
478 3170 514 3203 p.
530 3160 586 3194 40.

202 3214 243 3236 ¹¹⁸
254 3213 344 3249 Vide
357 3225 464 3258 supra
478 3226 514 3258 p.
531 3215 587 3250 50.
