2340 3840
164 344 244 389 ⁶⁶71
566 342 631 376 ET
646 336 957 375 RHETORIBVS
974 335 1201 373 CODICVM
1218 335 1254 369 N
1257 335 1356 369 EXV
1372 333 1436 367 ET
1452 332 1569 366 FIDE
1907 325 1968 362 167

166 457 254 502 tias
277 455 484 500 indicaui.
541 452 818 496 Florentinus
845 450 980 493 codex
1006 447 1170 501 ubique
1196 460 1297 489 cum
1325 441 1709 488 Cheltenhamensi
1734 439 1970 493 conspirat,

165 523 251 568 nisi
265 523 394 567 aliter
411 535 585 573 moneo3
603 527 706 575 post
723 525 874 561 autem
891 530 928 559 c.
952 517 1002 558 18
1018 513 1079 568 (p.
1102 516 1195 566 114,
1213 512 1254 565 4)
1274 513 1341 555 hic
1357 512 1484 554 initio
1503 509 1663 552 deficit.

448 604 854 663 0(CFAVen.Q)
1418 595 1722 642 ΜΚΗΰω

167 717 205 746 c.
222 704 260 755 1,
307 714 352 756 p.
370 703 463 753 100,
511 701 531 742 1
594 696 894 741 Grammatica
931 694 1036 737 olim
1108 691 1408 735 Grammatico,
1432 691 1600 731 Romae
1624 701 1679 729 ne
1702 687 1747 728 in
1772 699 1852 727 usu
1878 683 1972 737 qui-

593 767 762 808 Romae
791 777 846 805 ne
876 762 922 804 in
953 774 1035 803 usu
1106 760 1207 802 dem
1226 758 1330 801 olim

594 832 771 886 quidem

509 902 535 942 3
593 912 673 942 nec
695 905 792 941 tum
811 895 908 948 (nec
930 901 1038 937 tunc
1106 892 1295 936 necdum

511 1035 537 1076 8
593 963 730 1076 gine
821 1028 1039 1084 praelege-
1105 1025 1414 1082 praelegebant
1434 1018 1858 1077 (praeallegabant⁸⁹⁷
1881 1015 1920 1059 1)
1942 1014 1977 1059 V

595 1100 706 1143 bant
724 1095 758 1140 C
790 1096 926 1149 latine
942 1107 1039 1149 per·
1108 1091 1154 1146 L)

594 1166 799 1220 legebant
814 1167 848 1206 Δ
866 1160 975 1205 Ven.
998 1158 1038 1210 Q

171 1251 210 1282 c.
224 1239 265 1291 2,
313 1251 356 1291 p.
374 1237 468 1288 100,
487 1236 539 1277 14
595 1233 716 1276 omis,
1110 1229 1155 1271 in
1175 1228 1328 1270 urbem

486 1304 539 1345 14
595 1300 780 1343 aullotes
811 1294 844 1340 C
872 1300 906 1339 Δ
963 1309 1040 1338 au·
1111 1295 1319 1338 Mallotes

596 1368 708 1410 lotes
726 1363 836 1408 Ven.
860 1361 900 1413 Q
939 1362 1042 1404 Mil-

595 1435 707 1477 lotes
727 1430 759 1475 F
777 1429 901 1484 (=B)

490 1504 542 1545 16
598 1502 719 1544 omis.
1113 1496 1274 1541 Palatii

315 1583 360 1626 p.
378 1572 471 1623 101,
515 1571 542 1612 8
598 1568 771 1623 legisset
1111 1565 1263 1620 legisse
1282 1577 1328 1606 se

491 1638 542 1680 13
600 1634 729 1678 multi
748 1647 800 1676 ac
817 1629 943 1685 (=U)
1114 1631 1328 1685 multique
1348 1642 1400 1672 ac

176 1721 214 1751 c.
229 1708 293 1760 3,·
316 1719 362 1761 p.
379 1706 473 1758 102,
517 1706 544 1747 6
600 1702 742 1758 gratia
762 1700 826 1753 (et
848 1697 983 1751 omis.)
1010 1695 1044 1740 C
1114 1706 1159 1743 et
1178 1698 1321 1754 gratia

600 1774 635 1813 Δ
647 1768 757 1813 Ven.
785 1774 830 1810 et
843 1766 985 1822 gratia
1004 1762 1044 1814 Q

518 1840 545 1881 9
602 1839 722 1881 omis.
777 1832 811 1878 C
851 1838 886 1876 Δ
936 1830 1044 1876 Ven.
1115 1847 1218 1877 uero

602 1917 706 1947 uero
731 1900 770 1952 Q

319 1988 364 2029 p.
381 1975 475 2026 103,
518 1974 547 2015 4
603 1984 750 2026 gressu
791 1966 824 2012 C
862 1972 896 2010 Δ
936 1965 1045 2010 Ven.
1116 1969 1309 2023 ingressu

602 2039 796 2093 ingressu
821 2033 860 2085 Q

178 2123 216 2152 c.
229 2111 272 2162 4,
318 2121 363 2163 p.
381 2109 474 2160 103,
518 2109 545 2149 6
601 2106 647 2148 in
666 2105 812 2147 libello
1116 2103 1261 2147 libello

494 2175 542 2217 11
601 2174 821 2216 litteratos
1115 2171 1381 2214 litteratores

495 2243 546 2283 19
602 2232 738 2283 {icius
761 2235 794 2280 C
837 2236 993 2280 Accius
1015 2233 1047 2277 F
1117 2237 1299 2281 alicuius

603 2308 724 2349 omis.
754 2305 892 2359 spatio
921 2316 1047 2345 vacuo

603 2375 739 2416 decem
759 2373 851 2427 sere
878 2371 956 2413 litt.
986 2383 1048 2412 re-

603 2442 698 2483 licto
718 2443 752 2482 A
774 2439 910 2483 ditius
939 2434 1048 2479 Ven-

604 2507 786 2551 alicuius
811 2503 850 2554 Q

495 2578 549 2619 20
604 2575 895 2629 producerent
940 2568 973 2613 C
1015 2574 1049 2612 Δ
1118 2574 1431 2628 produceretur

605 2639 715 2684 Ven.
739 2640 1051 2695 produceretur

607 2708 640 2752 F
665 2706 704 2757 Q

496 2779 549 2819 23
607 2776 727 2818 omis.
747 2770 866 2826 (=L)
1121 2779 1166 2814 et

324 2860 369 2900 p.
387 2846 480 2897 104,
527 2843 550 2886 7
609 2845 778 2885 Romae
817 2854 905 2883 non
946 2837 979 2882 C
1017 2843 1051 2881 A
1120 2838 1296 2881 nomine

608 2923 756 2952 romae
781 2905 887 2960 (nun
914 2904 1050 2958 omis.)

610 2974 642 3019 F
662 2974 771 3019 Ven.
811 2974 987 3017 nomine
1012 2970 1052 3022 Q

500 3046 548 3087 11
606 3050 844 3098 patronum
857 3038 1051 3084 CAVen.

608 3117 896 3165 patronorum
921 3105 960 3157 Q
1122 3113 1410 3161 patronorum

273 3225 318 3248 ¹⁸⁷
329 3224 419 3261 Vide
431 3234 539 3268 supra
551 3234 588 3267 p.
606 3223 682 3257 123.
