2340 3840
125 345 203 389 5551
525 346 589 379 ΕΤ
606 345 915 381 RHETORIBVS
932 345 1160 380 CODICVM
1178 345 1317 380 NEXV
1332 345 1396 379 ET
1413 345 1529 379 FIDE
1890 345 1932 380 55

130 458 288 502 dicare.
341 458 403 500 sic
417 471 461 512 p.
481 459 574 509 103,
592 459 645 499 20
663 458 784 500 titulo
803 457 952 508 habet,
973 471 1016 511 p.
1042 458 1134 509 111,
1159 458 1208 498 12
1222 458 1374 498 Niciae
1393 457 1533 508 addit,
1554 471 1597 510 p.
1623 458 1715 510 111,
1739 458 1790 499 16
1810 458 1934 499 illum

126 537 286 568 meeum
306 525 513 568 Cicerone
531 525 639 566 item
658 524 858 566 adhibito
877 524 1140 577 transponit,
1160 536 1204 577 p.
1229 525 1320 575 116,
1345 525 1363 565 1
1386 538 1465 578 quo
1484 525 1692 577 delegante
1710 524 1931 576 emendat,

126 605 170 646 p
192 593 360 644 119,10
374 605 478 643 sero,
495 605 539 646 p.
562 592 655 643 123,
677 593 696 633 1
718 592 998 645 appellatione
1014 591 1185 642 Graeca,
1203 603 1247 644 p.
1270 591 1363 642 124,
1386 591 1436 632 14
1452 592 1680 642 Nucerino,
1698 605 1743 644 p.
1765 591 1859 643 125,
1881 592 1932 633 10

125 659 352 702 immunia.
355 659 383 680 ”
431 659 560 711 Quod
578 658 788 700 iudicium
805 671 1059 712 peruersum
1076 658 1241 711 partim
1258 657 1370 699 falsa
1389 658 1620 699 collatione
1639 658 1809 709 nititur,
1830 672 1931 700 cum

125 739 170 780 p.
189 726 282 778 111,
301 726 352 768 12
377 725 557 768 Niciae
545 739 590 766 m
607 723 646 766 Ο
661 726 775 767 sicut
791 725 836 766 in
851 725 1005 767 ceteris
1021 725 1223 767 omnibus
1238 731 1412 778 praeter
1428 721 1467 765 D
1485 725 1676 776 deficiat;
1668 725 1715 750 ·¹⁶
1729 737 1772 778 p.
1794 726 1926 777 123,1

125 806 214 836 non
231 793 513 847 appellatione
530 793 686 836 Graeca
702 793 778 834 sed
797 793 1100 845 appellationes
1116 793 1226 846 greci
1243 805 1343 833 cum
1361 789 1402 833 N
1424 788 1463 833 G
1480 789 1501 832 I
1520 788 1561 833 K
1580 789 1623 833 H
1643 789 1680 833 U
1700 789 1732 834 C
1751 805 1930 834 consen·

125 860 239 903 tiens
257 866 445 903 testetur
463 857 556 902 O.²⁷
602 860 651 902 P.
674 860 766 910 111,
790 860 840 900 16
860 856 898 900 Ο
917 860 1040 901 illum
1059 873 1218 901 mecum
1235 859 1471 912 proferens,
1491 859 1606 900 solus
1625 859 1739 901 inter
1757 865 1928 901 nostros

123 927 271 979 libros,
287 940 376 969 non
392 933 459 968 est
474 926 769 978 infitiandum,
787 926 975 968 eundem
991 926 1225 968 uerborum
1242 926 1439 968 ordinem
1455 939 1505 967 ac
1525 925 1743 968 Ciceronis
1761 926 1928 967 codices

124 993 315 1046 exhibet,
337 994 415 1036 sed
436 993 747 1048 perridiculum
770 999 836 1036 est
861 993 1108 1035 existimare
1131 993 1358 1038 librarium
1382 993 1510 1034 huius
1535 992 1694 1035 codicis
1722 993 1929 1035 Cicerone

123 1060 325 1104 adhibito
340 1066 435 1104 tam
450 1073 636 1114 paruam
653 1061 946 1114 corruptelam
964 1060 1209 1112 correxisse,
1228 1073 1360 1114 graue
1378 1066 1529 1102 autem
1547 1059 1707 1102 uitium
1726 1060 1844 1113 quod
1862 1067 1928 1102 est

123 1128 169 1170 in
182 1127 337 1171 eadem
351 1127 552 1181 epistula,
563 1139 606 1181 p.
623 1128 715 1179 112,
731 1129 769 1180 1,
786 1128 929 1170 uerbis
944 1129 1086 1179 uelim,
1103 1140 1198 1169 cum
1213 1128 1320 1169 mihi
1329 1128 1399 1169 ille
1410 1128 1623 1169 iucundus
1633 1140 1719 1168 esse
1732 1127 1777 1168 in
1791 1127 1928 1169 omni-

123 1195 206 1237 bus
231 1194 391 1237 nostris
418 1195 639 1237 codicibus
667 1195 850 1246 omissis,
879 1195 1058 1236 omnino
1085 1195 1386 1249 neglecturum
1412 1194 1558 1236 fuisse.
1616 1195 1927 1247 Quaecumque

122 1268 248 1305 erant
268 1261 404 1316 ipsius
427 1262 646 1304 Ciceronis
667 1262 802 1304 uerba
823 1262 943 1304 haud
965 1262 1149 1303 dubium
1171 1262 1278 1303 mihi
1299 1261 1475 1303 uidetur
1497 1261 1603 1315 quin
1625 1275 1785 1303 mecum
1805 1262 1928 1303 illum

122 1329 168 1371 in
184 1329 479 1371 Hersfeldensi
493 1329 605 1371 libro
621 1335 825 1380 exstaret,
837 1329 1038 1371 librarius
1056 1325 1094 1370 Ο
1112 1335 1263 1371 autem
1279 1329 1513 1371 uerborum
1529 1328 1726 1370 ordinem
1742 1329 1811 1370 uel
1827 1342 1928 1370 con-

122 1395 240 1439 sulto
270 1396 341 1439 uel
369 1396 617 1438 inconsulto
657 1397 910 1448 mutauerit,
951 1397 1209 1449 praesertim
1232 1409 1333 1437 cum
1353 1396 1470 1438 idem
1490 1396 1642 1437 erroris
1674 1409 1808 1449 genus
1839 1409 1927 1437 non

122 1463 255 1506 semel
271 1469 449 1506 tantum
465 1463 510 1505 in
527 1463 609 1505 hoc
626 1463 773 1505 codice
790 1463 1221 1506 animaduertatur.¹⁸
1277 1463 1480 1516 Optimas
1497 1463 1704 1504 lectiones
1721 1474 1766 1516 p.
1789 1463 1882 1514 116,
1905 1463 1925 1505 1

57 1555 60 1557 -
121 1544 202 1584 quo
220 1525 428 1584 delegante
447 1537 492 1573 et
511 1543 555 1584 p.
581 1531 674 1582 125,
699 1531 751 1573 10
769 1530 983 1572 immunia
1004 1544 1112 1584 quas
1134 1531 1460 1573 ottobonianus
1481 1530 1597 1572 solus
1622 1530 1798 1572 exhibet
1831 1544 1928 1572 meo

125 1600 303 1654 quidem
325 1601 487 1643 iudicio
507 1601 681 1655 ingenio
703 1601 794 1643 eius
818 1601 900 1643 uiri
923 1601 1056 1653 docti,
1081 1601 1156 1655 qui
1179 1602 1295 1643 hunc
1318 1601 1512 1643 codicem
1542 1607 1670 1642 tanta
1703 1600 1928 1654 diligentia

123 1671 337 1723 exercuit,
360 1671 588 1714 debentur.
641 1672 769 1724 Quod
791 1686 842 1714 eo
864 1672 1023 1714 certius
1047 1672 1153 1714 mihi
1175 1672 1364 1724 uidetur,
1388 1686 1476 1725 quo
1498 1672 1592 1713 aliis
1615 1671 1718 1713 locis
1741 1671 1858 1713 idem
1879 1671 1928 1712 li-

124 1741 295 1784 brarius
325 1742 396 1785 uel
424 1742 539 1784 inter
567 1742 845 1784 scribendum
875 1743 944 1785 uel
963 1743 1009 1784 in
1030 1743 1257 1797 relegendo
1277 1743 1563 1785 correctiones
1584 1742 1925 1796 ingeniosissime

123 1812 244 1855 fecit.
290 1812 342 1855 C.
355 1811 451 1866 6(p.
468 1813 561 1865 105,
575 1811 616 1865 5)
629 1813 763 1855 codex
779 1811 832 1855 W
847 1827 935 1856 non
953 1815 1094 1856 solum
1111 1814 1210 1856 libri
1227 1811 1263 1855 X
1278 1814 1354 1856 sed
1372 1814 1507 1855 etiam
1525 1813 1840 1855 Hersfeldensis
1859 1825 1928 1854 co-

125 1882 247 1935 dicis,
273 1889 324 1926 ut
350 1883 457 1925 mihi
481 1883 670 1936 uidetur,
697 1897 847 1926 ueram
876 1885 1111 1939 imaginem
1140 1885 1448 1936 conseruanS,¹⁹
1479 1885 1619 1938 aliquo
1650 1885 1732 1925 dno
1761 1884 1929 1925 lumina

123 1953 305 2007 profert.
363 1954 653 1997 Ottoboniani
681 1962 832 1997 autem
859 1955 1060 1998 librarius
1087 1956 1230 2009 primo
1260 1957 1416 2009 aliquot
1444 1956 1526 1997 duo
1555 1954 1741 2008 scripsit,
1772 1953 1928 1995 deinde

122 2037 263 2067 errore
283 2025 438 2067 statim
459 2025 634 2080 cognito
655 2026 737 2068 duo
758 2026 957 2080 perleuit‚
979 2033 1114 2080 atque
1135 2027 1356 2068 uolumina
1377 2025 1562 2079 scripsit.
1614 2026 1757 2078 Quare
1779 2031 1928 2066 tamen

125 2094 283 2149 aliquot
297 2108 385 2138 non
401 2096 541 2150 aliquo
555 2096 758 2150 primitus
772 2096 893 2148 (nam
908 2097 980 2139 illa
995 2102 1010 2139 t
1025 2104 1140 2140 certe
1156 2111 1243 2139 non
1260 2104 1325 2139 est
1339 2104 1494 2151 postea
1509 2094 1676 2148 addita)
1694 2094 1928 2149 scripserit,

125 2165 284 2218 nescio,
312 2165 396 2208 nisi
422 2166 536 2209 forte
564 2180 714 2209 ueram
742 2168 1003 2221 scripturam
1031 2168 1119 2210 iam
1147 2174 1279 2210 antea
1307 2167 1645 2221 excogitauerat,
1667 2173 1765 2209 tum
1794 2165 1928 2208 uerbo

126 2235 284 2291 aliquot
309 2243 424 2280 recte
450 2237 628 2291 scripto,
654 2250 731 2292 per
757 2238 935 2280 breuem
961 2239 1133 2292 lapsum
1160 2252 1313 2280 uocem
1338 2239 1435 2290 duo,
1463 2251 1598 2291 quam
1623 2238 1668 2279 in
1695 2236 1929 2290 exemplari

124 2313 229 2350 ante
248 2307 395 2350 oculos
413 2307 584 2360 habuit,
604 2309 891 2363 transcripsit.
940 2310 1090 2352 Altero
1108 2310 1203 2351 loco
1222 2323 1258 2351 c.
1275 2310 1325 2351 25
1345 2308 1405 2362 (p.
1429 2309 1522 2360 120,
1541 2307 1580 2360 7)
1597 2309 1714 2350 idem
1728 2307 1928 2350 librarius

125 2376 329 2431 primitus
348 2377 579 2421 lectionem
600 2379 854 2433 exemplaris
875 2381 942 2422 sui
961 2381 1122 2422 rhetora
1142 2381 1224 2422 sibi
1243 2381 1274 2405 2⁰
1295 2380 1582 2433 transcripsit,
1605 2379 1761 2421 deinde
1781 2378 1930 2420 littera

124 2461 146 2489 s
171 2446 217 2490 in
241 2449 327 2490 sibi
349 2447 532 2491 inducta
557 2450 740 2492 eandem
764 2451 959 2492 litteram
985 2451 1118 2492 uerbo
1143 2452 1304 2493 rhetora
1329 2450 1497 2502 adfixit,
1524 2463 1674 2492 ueram
1699 2449 1929 2491 lectionem

125 2518 308 2560 rhetoras
328 2519 390 2561 ibi
409 2519 510 2562 inde
530 2520 730 2563 efficiens.
781 2521 902 2573 Quae
924 2522 1100 2575 quidem
1121 2536 1171 2563 ex
1194 2521 1519 2564 Reifferscheidi
1539 2527 1758 2574 apparatu
1779 2519 1930 2561 critico

127 2602 215 2631 non
238 2596 467 2643 apparent.
523 2591 704 2633 Ceterae
726 2592 933 2634 lectiones
955 2593 1089 2644 titulo,
1113 2606 1217 2644 sero,
1251 2593 1480 2643 Nucerino,
1505 2605 1594 2633 non
1617 2591 1662 2632 in
1685 2591 1777 2632 solo
1802 2590 1930 2631 Otto-

127 2658 319 2701 boniano
342 2659 640 2713 inueniuntur,
666 2662 742 2704 sed
767 2662 812 2704 in
837 2663 971 2705 fratre
997 2677 1171 2716 quoque
1196 2663 1286 2704 eius
1312 2662 1639 2704 Vindobonensi
1662 2658 1765 2712 (W),
1791 2661 1854 2702 ita
1881 2667 1930 2701 ut

128 2729 273 2771 nullus
297 2730 453 2773 dubito
476 2731 582 2785 quin
606 2746 656 2774 ex
679 2732 774 2786 ipso
799 2733 1096 2776 Hersfeldensi'
1114 2734 1226 2776 libro
1258 2734 1302 2775 in
1334 2747 1485 2776 eorum
1518 2733 1808 2785 archetypum
1831 2744 1929 2784 pro-

128 2799 344 2849 fluxerint.
383 2801 512 2854 Quid,
530 2803 648 2856 quod
663 2804 782 2845 titulo
798 2803 843 2845 in
867 2801 906 2845 D
931 2818 1104 2858 quoque
1128 2812 1172 2846 et
1194 2804 1398 2858 primitus
1420 2804 1466 2845 in
1491 2800 1545 2855 G,
1563 2804 1608 2845 N
1610 2804 1777 2844 ucerino
1795 2802 1930 2844 etiam

210 2932 244 2958 ¹⁸
253 2933 343 2970 Vide
354 2933 448 2971 infra
460 2946 496 2980 p.
511 2936 588 2971 124.

212 2987 244 3012 ¹⁷
254 2986 300 3024 W
313 3000 395 3025 cum
409 2991 534 3026 ceteris
548 2992 791 3035 appellationes
805 3003 917 3036 graece
931 2993 1082 3029 exhibet.
1129 2993 1219 3029 Vide
1233 2993 1324 3028 infra
1338 3004 1374 3036 p.
1394 2993 1470 3028 100.

212 3044 242 3068 ¹⁸
252 3045 294 3081 P.
311 3046 387 3090 105,
404 3045 438 3090 7;
453 3058 489 3090 p.
509 3048 583 3091 106,
600 3049 635 3091 2;
651 3059 686 3091 p.
707 3048 781 3091 124,
800 3049 855 3092 11;
870 3060 906 3092 p.
926 3049 1000 3093 125,
1016 3049 1049 3085 8.
1096 3049 1186 3084 Vide
1201 3049 1360 3084 tabulam
1375 3060 1482 3092 supra
1497 3059 1532 3091 p.
1549 3048 1593 3082 45
1609 3059 1662 3091 sq.

219 3101 249 3124 ¹'
258 3101 348 3137 Vide
360 3102 453 3138 inira
466 3114 502 3147 p.
519 3102 574 3139 70.

213 3157 242 3180 ²⁸
253 3156 309 3192 Sic
322 3169 395 3193 non
409 3159 522 3194 solum
536 3159 573 3194 in
588 3158 644 3203 W,
660 3160 722 3194 sed
736 3160 844 3195 etiam
860 3161 896 3196 in
912 3159 941 3195 B
958 3159 994 3196 N
1013 3159 1130 3197 Gm.2.
1168 3161 1340 3205 Quocirca
1358 3161 1449 3196 hanc
1468 3160 1654 3195 lectionem
1674 3160 1762 3194 libro
1780 3159 1934 3194 Hersfel·

125 3211 225 3248 densi
235 3212 415 3249 uindicate
426 3214 485 3250 uix
497 3215 635 3251 dubito.
681 3216 770 3251 Vide
782 3217 873 3251 infra
885 3228 920 3260 p.
937 3216 989 3252 70.
