2340 3840
124 367 203 412 5131
524 367 589 402 ΕΤ
604 367 915 402 RHETORIBVS
932 366 1159 402 CODICVM
1176 367 1314 402 NEXV
1330 367 1394 401 ET
1411 367 1526 401 FIDE
1889 371 1928 403 13

126 487 360 525 memorat:
418 481 576 533 “Quod
605 480 793 523 indicem
822 479 991 522 dederis
1020 479 1294 521 voluminum
1323 479 1681 532 inquirendorum
1723 494 1822 523 cum
1853 483 1924 524 Iu-

126 548 244 592 liano
259 554 410 591 nostro
422 547 632 590 cardinali
650 548 691 590 S.
710 546 863 601 Angeli
881 553 977 588 tum
990 546 1199 588 cardinali
1214 547 1254 589 S.
1275 546 1440 598 Crucis,
1462 546 1741 589 Germaniam
1755 561 1927 591 omnem

127 628 388 670 omnemque
420 615 608 657 Galliam
639 614 811 656 diverso
842 614 996 656 itinere
1018 613 1324 667 peragraturis,
1348 612 1490 655 fecisti
1513 619 1562 655 tu
1585 614 1778 656 studiose
1800 622 1843 657 et
1866 615 1930 657 in-

127 682 254 738 genio
273 688 352 724 tuo
371 681 513 736 digne.
574 682 657 724 Sed
676 694 828 724 vereor
847 694 901 723 ne
921 694 1021 722 cum
1041 680 1223 722 occiduo
1243 680 1340 734 gelu
1370 694 1520 722 eorum
1542 694 1716 734 quoque
1735 681 1930 735 refriges-

127 755 201 793 eet
218 749 366 792 ardor:
423 749 626 803 quamvis
645 748 804 790 Lucius
823 748 893 790 ille
912 747 1162 790 adolescens
1180 754 1412 801 promptus
1431 754 1566 800 atque
1586 748 1751 789 excitus
1772 761 1930 802 magna

127 816 183 860 de
198 829 244 859 se
259 815 453 871 polliceri
468 815 690 866 videatu13
708 815 867 869 vixque
885 815 1044 856 adduci
1060 827 1239 868 possum
1257 814 1380 856 illum
1398 827 1486 855 non
1503 814 1830 868 diligentissime
1848 815 1930 856 hoc

128 896 288 926 munus
311 883 608 937 impleturum.
670 882 860 925 Gustum
886 882 1000 924 illius
1025 882 1133 935 cepi,
1161 881 1338 924 brevem
1365 881 1559 934 quidem;
1586 894 1688 923 nam
1716 882 1930 924 transiens

127 963 207 1005 per
223 962 304 992 nos
321 962 392 992 me
410 949 524 992 vidit
543 955 678 1003 atque
697 949 928 992 adlocutus
947 955 1014 991 est
1035 955 1162 991 tanta
1182 948 1403 990 suavitate
1422 955 1557 1002 atque
1577 948 1716 1002 copia,
1739 955 1789 991 ut
1809 963 1930 1003 spem

127 1016 183 1060 de
210 1017 285 1060 illo
312 1016 584 1071 conceperim
613 1016 863 1058 maximam.
923 1015 1116 1057 Thomas
1145 1015 1252 1058 item
1281 1022 1443 1067 noster,
1474 1029 1563 1057 non
1592 1015 1781 1068 ambigo,
1812 1023 1931 1069 geret

129 1083 246 1127 votis
271 1083 363 1127 tuis
391 1097 575 1126 morem.
595 1117 603 1125 .
623 1117 633 1125 .
700 1083 945 1126 Florentiae
963 1097 1015 1125 ex
1034 1090 1184 1125 nostro
1203 1082 1468 1124 monasterio
1487 1083 1599 1125 VIII
1617 1082 1710 1124 iulii
1733 1081 1930 1133 (1431).”

129 1151 207 1195 Ille
247 1151 340 1206 ipse
380 1151 510 1194 index
549 1151 760 1193 librorum
789 1151 1148 1204 inquirendorum
1189 1163 1216 1192 a
1258 1150 1442 1192 Nicolao
1483 1157 1779 1203 comparatus,
1809 1150 1933 1193 cuius

75 1242 86 1254 ·
129 1217 396 1261 mentionem
414 1217 524 1260 facit
543 1217 861 1270 Trauersarius,
883 1230 1000 1259 anno
1025 1218 1129 1259 1913
1150 1216 1196 1258 in
1216 1217 1416 1270 catalogo
1437 1216 1637 1259 librariae
1657 1216 1931 1270 antiquariae

129 1285 181 1328 Τ.
203 1284 259 1328 de
278 1285 464 1327 Marinis
484 1291 530 1328 et
551 1285 645 1327 Soc.
668 1284 1018 1327 Florentinorum
1043 1285 1140 1335 (ms.
1166 1285 1230 1336 10,
1252 1298 1294 1338 p.
1321 1283 1464 1334 14-16)
1487 1283 1532 1325 in
1553 1284 1693 1326 lucem
1713 1283 1929 1337 prouenit.

130 1353 212 1395 Est
230 1358 381 1396 autem
396 1351 454 1394 ad
470 1351 602 1394 finem
618 1351 846 1394 cuiusdam
867 1351 1027 1393 codicis
1043 1365 1175 1405 opera
1193 1351 1478 1394 Ciceroniana
1497 1350 1798 1404 philosophica
1815 1364 1932 1393 com-

129 1419 374 1474 plectentis,
396 1426 532 1473 atque
552 1432 579 1461 a
600 1432 734 1461 manu
755 1419 928 1461 diuersa
948 1419 1005 1461 ab
1027 1432 1079 1461 ea
1101 1432 1212 1473 quae
1233 1418 1378 1472 ipsum
1399 1418 1593 1460 codicem
1614 1418 1811 1460 exarauit
1832 1431 1932 1459 con-

129 1486 269 1530 fectus
282 1493 363 1529 est.
400 1486 535 1529 Cuius
552 1486 712 1529 codicis
726 1500 842 1529 nunc
856 1487 974 1528 Noui
992 1486 1179 1528 Eboraci
1196 1486 1241 1527 in
1254 1486 1519 1527 bibliotheca
1533 1486 1709 1527 Ioannis
1724 1486 1931 1539 Pierpont

131 1554 319 1608 Morgan
359 1554 560 1608 respositi
599 1567 651 1596 ea
690 1567 791 1607 pars
833 1567 945 1607 quae
985 1553 1282 1596 inuentarium
1322 1553 1604 1606 amplectitur
1644 1552 1932 1606 phototypice

129 1633 330 1675 expressa
352 1621 598 1675 nuperrime
613 1620 903 1663 bibliothecae
920 1621 1228 1663 Vniuersitatis
1245 1619 1504 1662 Illinoiensis
1520 1620 1714 1662 accessit.
1775 1621 1935 1661 Inuen-

131 1687 294 1730 tarium
315 1694 466 1730 autem
487 1688 549 1731 sic
568 1688 838 1730 inscribitur:
896 1689 1025 1730 COM
1028 1689 1080 1728 M
1082 1689 1166 1729 EN
1172 1688 1318 1729 TARI
1327 1688 1366 1729 U
1368 1688 1421 1728 M
1442 1688 1486 1728 N
1489 1689 1515 1728 I
1517 1687 1698 1729 COLAI
1719 1688 1764 1728 N
1766 1688 1791 1727 I
1794 1687 1931 1729 COLI

130 1755 204 1797 IN
225 1755 489 1797 PEREGRI
491 1756 573 1797 NA
584 1756 647 1797 TI
648 1755 771 1797 ONE
793 1755 965 1797 GERM
966 1757 1052 1797 AN
1055 1757 1081 1796 I
1083 1756 1135 1796 E.
1195 1756 1292 1807 Quo
1314 1754 1629 1796 commentario
1651 1753 1834 1806 codices,
1859 1753 1934 1807 qui

130 1822 177 1864 in
202 1821 479 1864 bibliothecis
508 1822 872 1864 monasteriorum
903 1822 1298 1874 Reichenauiensis‚
1330 1821 1660 1873 Hersfeldensis,
1693 1820 1933 1872 Fuldensis,

112 1889 334 1932 ecclesiae
360 1889 622 1932 cathedralis
651 1890 934 1941 Coloniensis,
963 1903 1042 1931 nec
1070 1903 1157 1930 non
1184 1896 1229 1931 et
1255 1889 1483 1930 cuiusdam
1511 1887 1748 1930 monasteri
1776 1887 1934 1930 Danici

129 1957 318 2002 nominis
331 1957 472 2013 ignoti
485 1957 665 2011 repositi
680 1957 952 2010 dicebantur,
970 1954 1322 2000 describuntur.¹⁷
1353 1958 1466 1999 Sunt
1479 1956 1643 1999 ibidem
1658 1956 1934 1998 animaduer-

130 2025 272 2068 siones
300 2025 354 2068 de
382 2025 650 2080 quibusdam
680 2025 915 2077 CiceroniS,
953 2024 1174 2076 Varronis,
1215 2024 1390 2066 Corneli
1418 2024 1619 2078 NepotiS,
1650 2023 1932 2075 Fenestellae,

131 2091 260 2145 Plini,
279 2091 439 2144 Taciti,
462 2091 590 2144 Celsi,
614 2092 795 2135 Catonis
816 2092 1019 2146 operibus
1040 2091 1291 2146 deperditis,
1313 2105 1426 2145 quae
1447 2091 1517 2134 ‘ab
1537 2091 1685 2133 inferis
1705 2090 1937 2133 excitanda

131 2159 287 2203 erant)
339 2159 462 2212 Quae
477 2166 629 2202 autem
646 2160 700 2202 de
718 2159 983 2202 monasterio
1001 2158 1296 2202 Hersieldensi
1313 2159 1532 2210 dicuntur,
1552 2158 1754 2212 quamuis
1774 2157 1936 2199 scriba-

132 2239 230 2269 rum
249 2226 464 2272 erroribus
483 2226 591 2269 satis
611 2226 785 2278 uitiata,
807 2227 878 2269 hic
897 2226 1095 2269 describo
1103 2225 1148 2268 :¹⁸

215 2293 270 2335 In
304 2293 578 2335 Monasterio
610 2293 897 2347 hispildensi¹⁹
931 2293 1049 2334 haud
1073 2292 1225 2347 procul
1249 2292 1305 2334 ab
1331 2291 1502 2346 alpibus
1527 2291 1808 2333 continentur
1831 2290 1938 2333 haec

271 2360 495 2414 opuscula.
516 2359 738 2403 videlicet:

215 2427 321 2480 Julii
342 2427 542 2470 Frontini
575 2428 644 2470 De
664 2440 806 2481 aquae
827 2427 970 2469 ductis
993 2440 1105 2480 quae
1125 2426 1170 2468 in
1192 2426 1346 2468 urbem
1365 2425 1582 2468 inducunt
1602 2425 1710 2467 liber
1733 2424 1764 2478 j.
1824 2425 1938 2467 Inci-

270 2494 339 2549 pit
363 2494 442 2536 sic:
500 2495 881 2537 PERSECVTVS
907 2507 958 2537 ea
983 2507 1096 2548 quae
1121 2493 1175 2536 de
1200 2493 1388 2535 modulis
1413 2492 1499 2534 dici
1522 2491 1609 2535 fuit
1634 2491 1938 2535 necessarium.

274 2561 406 2604 Nunc
429 2574 594 2616 ponam
619 2561 993 2615 quemadmodum
1019 2575 1190 2615 queque
1215 2573 1332 2614 aqua
1357 2567 1408 2603 ut
1432 2559 1696 2614 principium
1721 2572 1940 2601 commen-

273 2627 396 2671 tariis
413 2628 776 2683 comprehensum
793 2636 861 2672 est
879 2643 1017 2683 usque
1034 2628 1091 2670 ad
1110 2635 1309 2670 nostram
1326 2640 1477 2669 curam
1494 2626 1654 2669 babere
1673 2626 1768 2668 uisa
1787 2626 1843 2668 sit
1863 2625 1938 2668 &b

275 2695 486 2739 Continet
508 2696 579 2738 hic
601 2696 710 2739 liber
732 2696 822 2749 xiij.

217 2762 334 2805 Item
354 2762 548 2806 eiusdem
568 2763 751 2806 frontini
771 2763 880 2806 liber
899 2763 1054 2817 incipit
1075 2762 1153 2804 sic:
1213 2763 1326 2805 Cum
1348 2761 1489 2804 omnis
1508 2774 1575 2804 res
1594 2761 1653 2803 ab
1673 2760 1937 2814 imperatore

271 2830 472 2884 delegata
487 2830 737 2873 interiorem
751 2830 897 2884 exigat
909 2831 947 2872 &
961 2843 1125 2883 curam,
1149 2836 1196 2873 et
1210 2843 1279 2873 me
1295 2842 1370 2872 seu
1385 2828 1596 2871 naturalis
1611 2828 1845 2871 solicitudo
1863 2841 1939 2870 seu

273 2896 381 2939 fides
396 2897 561 2950 sedula,
579 2911 667 2939 non
684 2898 740 2940 ad
758 2898 1030 2952 diligentiam
1046 2897 1192 2950 modo,
1210 2910 1363 2939 uerum
1379 2896 1436 2938 ad
1453 2909 1618 2938 morem
1635 2894 1864 2937 commisse
1881 2894 1940 2936 rei

222 2995 251 3019 ¹⁷
263 2994 415 3032 videndi
426 3001 512 3033 aunt
523 2997 730 3042 Sabbadini,
741 2999 830 3034 Stor.
844 3010 862 3034 e
874 2997 958 3034 erit.
971 3009 1032 3042 pp.
1049 2995 1119 3041 1-7;
1142 2997 1184 3032 Ε.
1196 2996 1339 3040 Jacobs,
1362 2994 1625 3039 Wochenschrist
1639 2994 1671 3039 s.
1695 2994 1797 3030 klass.
1810 2995 1937 3030 philol.

137 3050 235 3096 1913,
248 3049 365 3096 701-2;
375 3052 419 3088 A.
433 3052 620 3089 Gudeman
631 3054 676 3089 ib.
692 3054 790 3098 1913,
801 3054 941 3098 929-33;
953 3053 1009 3089 W.
1021 3052 1102 3097 Aly,
1114 3053 1237 3088 Rhein.
1249 3053 1295 3087 M
1294 3064 1347 3087 us.
1361 3051 1519 3086 LXVIII
1541 3049 1656 3087 636-7.

223 3107 252 3131 ¹⁸
263 3107 392 3144 Omnia
405 3119 478 3144 non
491 3120 512 3144 e
525 3109 698 3154 catalogo,
713 3110 750 3144 in
764 3121 836 3154 quo
850 3109 1036 3145 nonnullos
1051 3107 1263 3154 typographi
1277 3119 1408 3143 errores
1421 3106 1646 3152 deprehendi,
1662 3106 1722 3142 sed
1738 3118 1779 3141 ex
1794 3106 1871 3151 ipso
1885 3117 1942 3142 co-

132 3161 211 3199 dice
227 3162 459 3208 phomtypice
478 3164 619 3209 depicto
640 3165 853 3210 transcripsi.
895 3166 1030 3202 Totum
1049 3163 1342 3200 commentarium
1362 3162 1550 3207 publicani,
1578 3162 1743 3198 Classical
1765 3161 1942 3206 Philology

132 3217 222 3255 XVI
231 3218 295 3254 251
308 3230 361 3264 aq.
396 3219 576 3258 scribendi
587 3221 795 3265 compendia
806 3220 937 3266 ubique
949 3220 1129 3265 explicaui.

224 3275 253 3298 ¹⁰
264 3275 357 3319 Lege
370 3277 612 3321 Hasseldensi.
