2340 3840
402 353 445 388 72
734 353 802 387 DE
818 354 846 387 F
847 353 1111 387 RAGMENTI
1127 353 1421 388 SVETONIANI
1437 354 1504 388 DE
1522 354 1866 389 GRAMMATICIS
2113 353 2187 398 [⁵72

404 477 537 517 guum
559 464 777 506 uideretur
798 471 946 506 utrum
967 465 1047 506 hoc
1069 478 1125 506 an
1146 465 1252 506 illud
1273 466 1482 518 scriptum
1498 471 1678 507 extaret.
1730 466 1850 517 Quae
1871 466 2031 519 opinio,
2064 479 2187 508 num-

406 543 538 583 quam
561 543 717 583 magna
740 531 1080 572 consideratione
1103 524 1245 584 digna,
1270 544 1368 572 curn
1391 531 1526 572 cuiuis
1549 538 1758 583 appareat
1781 545 1927 574 omnes
1950 532 2187 575 uarietates

406 598 487 638 hac
523 597 690 638 ratione
726 610 812 638 non
839 597 1039 649 explicari
1074 610 1214 650 posse,
1242 611 1356 638 nunc
1392 598 1621 639 Decembri
1648 598 1897 639 testimonio
1924 598 1969 639 in
1996 598 2187 641 medium

405 663 576 716 prolato
608 669 741 715 atque
776 664 970 716 Agricola
1004 653 1160 704 Aesino
1192 670 1362 715 reperto
1395 677 1448 705 ne
1481 664 1620 716 specie
1654 664 1828 716 quidem
1861 665 1953 705 ueri
1986 664 2188 707 adornari

405 736 564 782 potest.

490 796 695 837 Eiusdem
717 796 834 836 modi
854 796 1090 848 scripturae
1111 796 1344 837 uarietates
1365 796 1408 836 in
1430 795 1647 837 codicibus
1672 796 1902 848 Agricolae,
1923 797 2185 848 Germaniae,

411 862 581 915 Dialogi
606 861 899 913 inueniuntur,
928 862 980 904 de
1009 875 1192 914 quorum
1219 862 1379 915 origine
1406 862 1487 902 uiri
1508 862 1625 903 docti
1645 862 1851 914 opinones
1872 862 2063 904 diuersas
2083 862 2188 905 olim

407 928 607 969 habuisse
626 927 878 969 uidentur.⁹⁸
937 929 1066 969 Nunc
1086 929 1281 981 Agricola
1299 928 1456 970 Aesino
1474 929 1518 969 in
1538 928 1727 969 medium
1745 928 1987 998 prolatooe
2007 928 2188 972 minima

408 994 583 1046 quidem
604 994 822 1036 dubitatio
843 995 1006 1036 moueri
1024 1001 1183 1047 potest,
1206 995 1310 1047 quin
1331 995 1439 1036 tales
1458 994 1663 1036 lectiones
1683 994 1727 1035 in
1751 995 1945 1046 Agricola
1965 995 2187 1038 communi

407 1061 643 1113 archetypo
667 1059 726 1110 (h.
755 1074 791 1102 e.
818 1060 900 1113 ipsi
925 1061 1082 1102 Aesino
1108 1061 1152 1101 in
1172 1061 1283 1102 foliis
1310 1059 1489 1111 562-6312)
1518 1060 1763 1102 referendae
1783 1061 1883 1102 sint.
1942 1061 2110 1114 Neque,
2139 1067 2188 1104 ut

408 1127 514 1168 mihi
542 1127 727 1178 uidetur,
759 1127 910 1168 eadem
939 1127 1050 1168 ratio
1080 1127 1132 1168 de
1162 1128 1321 1168 talibus
1351 1127 1606 1168 lectionibus
1636 1127 1680 1167 in
1709 1127 1970 1178 Germaniae,
2004 1118 2187 1181 Dialogi,

408 1193 587 1235 Suetoni
623 1193 857 1246 fragmenti
894 1193 1112 1234 codicibus
1149 1194 1241 1235 iure
1279 1193 1425 1246 negari
1461 1200 1619 1245 potest.
1697 1194 1750 1234 In
1791 1193 2007 1246 Agricolae
2043 1193 2188 1236 Aesini

407 1259 538 1312 igitur
560 1265 659 1300 octo
681 1259 762 1299 illis
785 1259 1088 1301 uetustissimis
1110 1260 1222 1301 foliis
1243 1258 1443 1310 (562-6312)
1462 1259 1579 1300 haud
1602 1259 1742 1300 minus
1766 1259 2081 1312 quinquaginta
2102 1260 2185 1302 lec-

407 1326 546 1366 tiones
564 1325 817 1377 marginales
834 1326 1126 1367 inueniuntur.
1172 1327 1335 1367 Textus
1353 1326 1493 1367 uerbis
1510 1326 1567 1367 ad
1584 1338 1694 1378 quae
1710 1325 1914 1367 lectiones
1933 1325 2188 1379 marginales

407 1392 653 1432 referendae
677 1397 779 1433 sunt
802 1391 973 1444 signum
996 1392 1173 1444 aliquod
1195 1392 1387 1434 adfixum
1410 1398 1489 1434 est.
1543 1392 1667 1433 Idem
1689 1392 1861 1444 signum
1882 1398 1962 1434 aut
1985 1405 2188 1445 compen-

408 1458 529 1499 dium
549 1458 577 1499 l'
611 1458 751 1499 uerbis
784 1458 1089 1510 marginalibus
1121 1472 1293 1511 quoque
1323 1458 1515 1500 adfixum
1545 1464 1623 1499 est.
1685 1459 2028 1511 Nonnumquam
2057 1457 2107 1500 fit
2138 1466 2188 1500 ut

408 1530 553 1565 totum
573 1524 754 1565 uerbum
773 1524 817 1564 in
839 1524 1028 1577 margine
1048 1538 1135 1566 non
1155 1525 1365 1577 scriptum
1384 1525 1455 1575 sit,
1467 1525 1543 1566 sed
1563 1523 1690 1566 unica
1699 1524 1846 1565 littera
1859 1537 1969 1577 quae
1980 1524 2038 1566 ad
2051 1524 2186 1578 quod-

409 1590 510 1631 dam
539 1596 683 1631 textus
712 1590 893 1631 uerbum
921 1591 1144 1632 referatur.
1203 1591 1305 1632 Non
1333 1591 1473 1632 solum
1500 1591 1704 1632 lectiones
1734 1590 1916 1643 margini
1943 1590 2188 1644 adscriptae

407 1663 523 1707 sunt,
549 1657 624 1697 sed
649 1657 782 1698 etiam
806 1670 932 1698 uoces
957 1657 1026 1698 uel
1049 1657 1240 1709 syllabae
1264 1658 1333 1698 uel
1357 1657 1548 1710 singulae
1571 1657 1742 1698 litterae
1766 1656 1810 1697 in
1835 1662 1958 1698 textu
1981 1668 2113 1710 supra
2137 1669 2188 1699 ea

409 1722 541 1764 uerba
561 1723 617 1764 ad
638 1735 748 1775 quae
767 1723 1013 1764 referendae
1032 1730 1148 1774 sunt,
1169 1724 1425 1776 compendio
1445 1723 1578 1765 etiam
1595 1722 1623 1765 l'
1645 1735 1974 1775 nonnumquam
2002 1723 2188 1776 margini

408 1788 626 1841 adscripto
656 1789 714 1830 ad
742 1789 853 1830 hanc
884 1803 974 1830 rem
1000 1790 1240 1831 notandam
1265 1790 1558 1831 inueniuntur.
1616 1789 1710 1831 Hae
1736 1789 1940 1845 lectiones
1967 1789 2186 1831 uariantes

409 1861 520 1897 teste
537 1855 799 1897 Annibaldio
813 1854 872 1908 (p.
894 1854 943 1897 75
962 1862 1006 1897 et
1021 1854 1196 1908 passim)
1215 1870 1303 1897 non
1319 1856 1375 1897 ab
1393 1856 1544 1897 eadem
1561 1868 1693 1897 manu
1711 1868 1821 1908 quae
1837 1854 1981 1908 ipsum
1996 1855 2189 1897 codicem

407 1922 601 1963 exarauit
620 1921 806 1974 scriptae
825 1928 941 1973 sunt,
962 1922 1037 1963 sed
1057 1936 1106 1963 ex
1126 1923 1263 1964 altera
1283 1922 1473 1975 quadam
1493 1920 1683 1963 eiusdem
1711 1921 1868 1964 aetatis
1898 1934 2030 1963 manu
2058 1921 2188 1964 fluxe-

407 1994 521 2029 runt.
573 1988 764 2041 Vestigia
780 1988 933 2030 tertiae
950 2001 1121 2041 quoque
1137 2002 1290 2030 manus
1311 1988 1604 2039 inueniuntur,
1628 2001 1740 2041 quae
1761 1994 1909 2039 tamen
1929 1987 2187 2030 lectionibus

407 2054 536 2095 uariis
555 2060 598 2095 et
616 2054 882 2107 grauioribus
900 2055 1274 2096 emendationibus
1291 2055 1378 2096 fere
1395 2054 1659 2105 abstinuit‚⁹⁴
1674 2054 1749 2096 sed
1766 2053 1908 2095 uerbis
1924 2053 2189 2107 distinguen-

406 2121 471 2161 dis
498 2121 805 2173 orthographia
831 2121 957 2161 huius
984 2121 1141 2162 codicis
1166 2121 1373 2174 peculiari
1396 2120 1533 2172 (uelut
1560 2122 1650 2174 adq.
1678 2121 1723 2161 in
1748 2125 1846 2173 alq.;
1873 2125 1977 2173 aput
2000 2113 2046 2162 in
2071 2119 2188 2173 apud

405 2185 528 2237 corr.)
553 2187 715 2239 passim
738 2187 986 2240 corrigenda
1008 2188 1154 2240 paruis
1178 2188 1513 2229 correctionibus
1537 2187 1727 2228 radendo
1750 2186 1956 2228 faciendis
1979 2192 2186 2228 contenta

403 2253 500 2294 fuit.

493 2351 520 2373 ⁹³
532 2350 672 2386 Wexius
688 2352 817 2394 Proleg.
835 2362 895 2395 pp.
915 2352 996 2386 8-10
1013 2363 1072 2387 eas
1089 2351 1255 2388 lectiones
1272 2352 1461 2395 uariantes,
1480 2362 1571 2395 quae
1587 2351 1625 2386 in
1642 2351 1816 2394 Agricolae
1833 2350 1952 2387 codice
1968 2349 2140 2386 Vaticano
2157 2349 2189 2384 A

399 2405 442 2446 (Γ
458 2405 495 2440 in
509 2410 683 2449 apparatu
697 2403 874 2447 Wexiano)
891 2406 948 2441 uel
962 2417 1067 2450 supra
1081 2418 1221 2442 uersum
1234 2407 1292 2442 uel
1305 2407 1342 2442 in
1355 2407 1511 2449 margine
1525 2417 1563 2442 se
1576 2406 1719 2449 habent,
1735 2405 1772 2440 in
1785 2405 1854 2440 alio
1868 2404 2023 2448 quodam
2035 2403 2155 2440 codiee
2166 2414 2190 2440 ι

401 2460 594 2503 Pomponio
609 2461 720 2496 Laeto
736 2461 903 2496 codicisA
912 2461 1079 2505 scriptore
1093 2462 1256 2498 inuentas
1270 2473 1355 2505 esse,
1371 2467 1408 2497 et
1422 2473 1493 2497 non
1508 2461 1545 2496 in
1560 2461 1683 2496 eodem
1697 2460 1884 2504 exemplari
1897 2459 1994 2504 quod
2008 2459 2188 2503 exscripsit

401 2516 614 2560 Pomponius
629 2516 735 2552 fuisse
751 2517 945 2552 contendit.
980 2517 1088 2552 Cuius
1104 2517 1304 2561 opinionem
1319 2522 1535 2560 negauerunt
1551 2518 1679 2560 Haase,
1696 2517 1878 2551 Commenl.
1894 2526 1930 2560 p.
1946 2515 2044 2559 LIX,
2060 2514 2188 2558 Ritter,

400 2571 477 2606 Vol.
490 2572 541 2606 IV
553 2583 588 2615 p.
600 2572 680 2614 XV,
694 2571 850 2607 Kritizus
860 2573 1008 2616 Praefal.
1021 2584 1056 2616 p.
1068 2573 1117 2608 X.
1153 2574 1199 2607 K.
1212 2572 1362 2608 Schenkl
1373 2578 1504 2615 autem,
1517 2573 1674 2608 Zeilschr.
1680 2573 1712 2616 s.
1724 2572 1757 2606 d.
1769 2571 1891 2607 Oesler.
1903 2571 2000 2614 Gym.
2016 2570 2112 2614 1861,
2124 2581 2185 2614 pp.

399 2625 558 2669 421-437,
574 2626 692 2661 codice
707 2627 877 2661 Vaticano
894 2628 923 2661 B
939 2625 1025 2668 (=A
1042 2628 1137 2670 apud
1153 2626 1325 2669 Wexium)
1344 2639 1424 2663 cum
1440 2628 1472 2662 A
1487 2627 1670 2670 diligenter
1685 2626 1824 2670 collato,
1840 2625 1971 2661 multas
1985 2636 2107 2661 earum
2121 2624 2189 2660 lec·

400 2681 536 2716 tionum
551 2681 726 2716 uariarum
742 2682 848 2717 fuisse
862 2682 899 2717 in
914 2683 1091 2717 communi
1105 2683 1263 2718 codicum
1278 2684 1320 2726 A,
1334 2688 1372 2718 et
1387 2684 1415 2717 B
1442 2683 1632 2726 archetypo
1647 2686 1769 2725 aperte
1783 2679 2051 2717 demonstrauit.
2099 2680 2187 2716 Post

400 2736 555 2772 codicem
568 2737 779 2772 Toletanurn
791 2737 830 2772 in
843 2737 997 2772 medium
1009 2738 1186 2781 prolatum
1199 2739 1240 2774 Ο.
1255 2739 1378 2781 Lenze,
1392 2739 1515 2773 Philol.
1529 2738 1652 2781 Suppl.
1667 2738 1756 2772 VIII
1772 2734 1888 2778 (1901)
1903 2747 1939 2781 p.
1954 2735 2017 2771 521
2033 2746 2099 2779 ες..
2112 2746 2187 2771 om·

399 2802 461 2826 nes
473 2792 544 2827 fere
556 2791 722 2827 lectiones
733 2792 888 2835 duplices
900 2793 938 2827 in
951 2793 982 2826 A
995 2793 1041 2827 ad
1054 2804 1237 2828 commune
1250 2793 1480 2837 archetypum
1494 2792 1690 2827 referendas
1702 2790 1968 2827 demonstrauit.
2005 2790 2073 2826 Cui
2085 2790 2145 2834 rei,
2158 2789 2188 2825 si

398 2845 543 2881 minima
560 2846 702 2889 quidem
718 2847 899 2882 dubita-tio
915 2847 1023 2882 etiam
1033 2852 1111 2882 tum
1120 2848 1299 2891 haerebat,
1320 2849 1477 2891 Agricola
1493 2848 1642 2883 Aesinus
1658 2851 1817 2890 repertus
1832 2856 1972 2881 omnem
1987 2845 2187 2888 scrupulum

398 2902 555 2937 sustulit.
2008 2924 2029 2936 .

488 2958 516 2979 ⁹⁴
528 2959 609 2999 Agr.
625 2958 678 3000 26,
693 2958 713 2991 8
729 2957 767 2999 (f.
782 2957 851 3000 59b‚
868 2953 913 2999 7‘)
928 2957 989 2992 ubi
1001 2958 1113 3002 prima
1126 2970 1250 2993 manus
1263 2963 1355 2993 recte
1367 2959 1447 2993 noN
1449 2959 1526 2993 anis
1538 2958 1731 3001 scripserat,
1745 2956 1830 2991 haec
1843 2956 1947 2991 tertia
1958 2966 2084 2991 manus
2098 2959 2188 2990 teste

398 3011 609 3047 Annibaldio
627 3012 764 3047 litteras
781 3013 862 3046 noN
879 3017 921 3047 ut
939 3013 1105 3048 delendas
1122 3013 1274 3056 notauit,
1293 3024 1364 3048 rom
1381 3018 1503 3048 autem
1521 3011 1774 3056 suprascripsit.
1819 3011 1982 3054 Itemque
1999 3010 2082 3054 Agr.
2096 3009 2152 3053 ³1,
2165 3009 2190 3044 4

395 3067 436 3109 (f.
449 3068 521 3110 61⁵,
534 3065 568 3108 2)
587 3078 693 3109 supra
702 3068 891 3110 fortunaeq.
904 3068 1026 3102 eadem
1044 3068 1150 3102 tertia
1160 3079 1286 3103 manus
1301 3080 1363 3111 que
1377 3067 1425 3109 (h.
1439 3079 1468 3102 e.
1479 3068 1698 3111 fortunaeque
1714 3067 1750 3101 in
1760 3067 1918 3110 fortunae
1932 3077 2017 3109 quae
2026 3061 2186 3106 correxit)

397 3123 548 3166 scripsit3
570 3122 699 3157 ibidem
722 3127 802 3165 post
826 3127 965 3166 ageratq.
981 3134 1093 3157 annus
1113 3122 1203 3166 (ager
1225 3127 1320 3166 atque
1342 3121 1464 3164 annus)
1489 3123 1612 3158 eadem
1635 3133 1760 3156 manus
1781 3132 1804 3156 a
1827 3121 1950 3156 dextra
1973 3121 2010 3155 in
2032 3118 2188 3162 margine

395 3172 476 3246 wis
491 3211 640 3246 addidit.
