2340 3840
435 367 477 400 14
760 366 827 399 DE
844 365 1138 401 FRAGMENTI
1153 367 1448 404 SVETONIANI
1464 370 1531 404 DE
1549 370 1894 408 GRAMMATICIS
2143 374 2221 418 [⁵14

572 477 793 529 instigent,
818 478 960 530 sitque
983 478 1089 519 mihi
1111 493 1226 520 nunc
1248 480 1303 521 ab
1328 494 1461 522 nerua
1483 488 1682 534 augusto,
1707 483 1849 525 nescio
1872 483 2139 538 diligentiore
2161 499 2218 529 an

571 543 812 585 amantiore
831 544 891 585 rei
913 558 968 598 .p.
989 544 1250 598 imperatore
1265 559 1477 599 aquarum
1497 548 1740 591 iniunctum
1759 550 1947 592 officium
1965 552 2002 593 δι
2021 552 2078 593 ad
2091 566 2217 596 usum

572 610 646 651 &c.
707 610 915 652 Continet
946 611 1013 652 ‚xi.
1044 611 1161 653 folia.

518 675 704 718 Cornelii
719 676 842 718 taciti
856 677 908 718 de
923 677 1083 730 origine
1098 679 1135 719 δι
1149 678 1235 720 situ
1249 693 1551 731 germanorum
1564 681 1670 722 liber
1682 682 1835 735 incipit
1847 682 1926 724 sic:
1984 683 2217 728 Germania

569 742 709 784 omnis
730 755 757 784 a
778 743 899 795 gallis
920 743 953 768 ²⁰
974 743 1209 797 rhetiisque
1231 745 1268 786 &
1288 747 1518 798 pannoniis
1539 746 1673 788 rheno
1695 748 1733 789 &
1754 748 1945 790 danubio
1965 750 2216 794 fluminibus

570 822 596 850 a
615 808 815 850 sarmatis
835 809 1036 862 datisque
1056 810 1093 852 δι
1113 818 1267 852 mutuo
1288 818 1407 853 metu
1427 825 1454 853 a
1474 813 1695 855 montibus
1715 822 1940 868 separatur
1959 823 2042 858 etc.
2101 817 2216 860 Con·

571 875 681 916 tinet
702 881 850 916 autem
870 875 928 928 xij
951 875 1068 918 folia.
1127 878 1242 918 Item
1262 877 1307 919 in
1327 878 1480 920 eodem
1500 879 1664 921 codice:

515 941 703 983 Cornelii
732 941 855 983 taciti
884 942 952 983 De
981 943 1074 984 uita
1101 943 1205 995 Julii
1233 944 1415 996 agricole
1443 945 1604 999 Incipit
1631 946 1709 987 sic:
1768 947 1994 990 Clarorum
2022 948 2214 992 uirorum

567 1007 686 1049 facta
707 1021 932 1061 moresque
952 1009 1137 1061 posteris
1160 1010 1329 1052 tradere
1351 1011 1594 1064 antiquitus
1615 1012 1841 1065 usitatum,
1865 1027 1918 1055 ne
1939 1015 2098 1058 nostris
2120 1015 2214 1070 qui-

567 1074 666 1115 dem
699 1074 980 1127 temporibus,
1015 1088 1282 1129 quamquam
1315 1077 1515 1119 uniuersa
1546 1092 1724 1120 suorum
1755 1086 1849 1121 etas
1880 1079 2070 1124 obmisit.
2128 1082 2213 1135 Qui

567 1141 672 1181 liber
688 1141 882 1182 continet
900 1141 1015 1193 ‚xiiij.
1047 1141 1164 1184 folia.
1224 1144 1338 1184 Item
1353 1143 1398 1184 in
1413 1144 1565 1186 eodem
1581 1145 1743 1187 codice:

513 1206 721 1259 Dialogus
742 1207 809 1248 De
829 1208 1073 1249 oratoribus
1094 1209 1167 1261 qui
1186 1209 1338 1263 incipit
1356 1210 1434 1251 sic:
1493 1212 1600 1264 Sepe
1619 1225 1670 1253 ex
1689 1225 1757 1253 me
1776 1212 1956 1265 requiris
1973 1212 2086 1256 iuste
2104 1213 2210 1267 fabi,
2248 1238 2259 1249 ·

565 1287 641 1314 cur
671 1286 771 1314 cum
800 1274 944 1326 priora
974 1275 1116 1316 secula
1148 1282 1216 1317 tot
1247 1276 1530 1319 eminentium
1568 1284 1790 1319 oratorum
1829 1279 2022 1332 ingeniis,
2062 1280 2210 1334 gloria,

564 1340 804 1381 floruerint:
862 1347 1012 1382 nostra
1033 1341 1308 1394 potissimum
1330 1349 1425 1384 etas
1447 1344 1618 1385 deserta
1642 1345 1679 1386 &
1701 1345 1829 1386 laude
1850 1345 2122 1398 eloquentiae
2143 1359 2211 1390 or-

563 1406 687 1447 bata:
746 1406 819 1459 qui
836 1407 942 1448 liber
959 1407 1153 1449 continet
1169 1408 1290 1461 xviij.
1319 1409 1437 1451 folia.
1495 1411 1611 1452 Item
1626 1411 1671 1452 in
1688 1411 1839 1452 eodem
1855 1411 2002 1454 codice
2017 1412 2210 1456 contine·

565 1479 636 1514 tur
654 1472 816 1513 liber-

510 1539 702 1580 Suetonii
720 1539 960 1592 Tranquilli
978 1541 1046 1581 De
1063 1542 1355 1593 grammaticis
1374 1543 1411 1583 &
1427 1542 1685 1594 rhetoribus,
1705 1543 1779 1596 qui
1795 1543 1948 1598 incipit
1964 1545 2043 1586 sic:

565 1605 862 1647 Grammatica
880 1619 1026 1647 romae
1045 1621 1099 1648 ne
1117 1607 1162 1648 in
1182 1621 1263 1649 usu
1284 1609 1458 1661 quidem
1478 1609 1580 1651 olim
1599 1610 1760 1651 nedum
1778 1610 1824 1651 in
1841 1610 2003 1653 honore
2022 1611 2110 1653 ullo
2129 1611 2204 1654 ὅτε.

563 1671 771 1713 Continet
792 1672 861 1713 hic
883 1673 990 1714 liber
1011 1672 1116 1714 folia
1137 1674 1213 1726 vij.

506 1738 724 1779 Ammiani
749 1739 991 1780 Marcellini
1013 1753 1155 1781 rerum
1177 1746 1398 1793 gestarum
1420 1741 1518 1782 libri
1539 1741 1659 1794 xviij.
1718 1742 1802 1794 Qui
1823 1750 2112 1796 peruenerunt
2135 1757 2205 1786 us-

561 1818 644 1856 que
658 1804 715 1845 ad
730 1804 899 1846 obitum
914 1806 1109 1847 Valentis
1122 1806 1412 1859 imperatoris:
1471 1809 1544 1860 qui
1559 1815 1625 1850 est
1639 1809 1736 1849 finis
1750 1808 1983 1860 hystoriae.

505 1870 624 1912 Haec
643 1871 774 1923 igitur
791 1871 950 1913 indicia
968 1872 1021 1914 de
1040 1872 1260 1914 codicibus
1277 1874 1322 1914 in
1341 1874 1602 1916 monasterio
1621 1874 1913 1917 Hersfeldensi
1930 1875 2130 1928 repositis
2147 1876 2204 1918 ad

421 1935 507 1977 duo
529 1935 786 1989 inuentaria‚
812 1951 923 1991 quae
946 1938 1183 1980 monachus
1206 1939 1520 1982 Hersfeldensis
1543 1954 1643 1982 cum
1665 1942 1839 1994 Poggi0‚
1864 1955 2000 1984 unum
2021 1949 2204 1985 exeunte

421 2016 566 2044 mense
590 2004 769 2045 Octobri
790 2005 895 2045 anni
922 2006 1040 2057 1425,
1066 2006 1252 2047 alterum
1275 2020 1421 2048 mense
1446 2007 1568 2048 Maio
1592 2008 1695 2049 anni
1721 2007 1824 2049 1427
1849 2009 2201 2061 communicauit,

420 2082 616 2122 quaeque
639 2070 824 2123 Poggius
845 2072 1096 2124 propediem
1119 2073 1300 2114 Nicolao
1323 2073 1454 2125 misit,
1478 2074 1700 2116 referenda
1721 2075 1871 2116 sunt.²¹
1948 2075 2106 2118 Prioris
2127 2087 2203 2117 au-

418 2141 508 2177 tem
547 2135 765 2178 inuentari
805 2150 831 2178 a
871 2139 1084 2180 monacho
1125 2140 1419 2186 Hersfeldensi
1458 2141 1599 2182 curati
1637 2142 1919 2194 apographon
1959 2141 2201 2184 Bononiam

416 2202 581 2243 Antoni
601 2203 877 2245 Panormitae
907 2204 952 2245 in
973 2218 1127 2246 manus
1158 2207 1403 2258 peruenisse
1423 2220 1553 2259 supra
1584 2207 1931 2249 demonstratum
1950 2208 2064 2250 est.¹²
2119 2209 2200 2250 Pa·

415 2269 629 2310 normitae
670 2270 889 2322 Poggique
919 2271 1168 2313 testimonia
1209 2286 1308 2313 cum
1338 2274 1382 2313 N
1383 2273 1508 2314 icolai
1549 2274 1859 2316 commentario
1901 2287 2030 2327 quem
2070 2274 2200 2317 modo

414 2334 588 2376 exhibui
601 2335 664 2376 ita
678 2337 940 2389 conspirant,
959 2344 1006 2379 ut
1021 2351 1148 2379 nemo
1163 2339 1361 2381 dubitare
1374 2340 1511 2392 possit
1526 2340 1631 2393 quin
1645 2354 1696 2382 ex
1709 2341 1860 2382 eodem
1873 2340 1995 2382 fonte
2007 2340 2200 2383 deriuen-

413 2407 498 2442 tur.
547 2402 799 2444 Panormita
822 2403 867 2443 in
891 2404 1077 2456 epistula
1093 2405 1151 2450 ad
1177 2406 1417 2446 Guarinum
1435 2419 1486 2447 ea
1508 2407 1603 2459 ipsa
1618 2419 1749 2459 opera
1771 2421 1856 2448 uno
1873 2407 1922 2447 in
1945 2407 2032 2448 loco
2050 2406 2199 2449 delite-

412 2467 590 2519 scentia,
617 2469 788 2520 quaein
812 2471 1122 2511 commentario
1140 2471 1309 2513 Nicolai
1333 2473 1594 2513 monasterio
1617 2472 1910 2514 Hersfeldensi
1933 2473 2197 2525 tribuuntur,

413 2539 553 2584 notat,
587 2534 669 2575 nisi
701 2535 817 2587 quod
849 2549 985 2577 unum
1016 2537 1296 2579 Ammianum
1329 2539 1632 2580 Marcellinum
1663 2539 1843 2580 omittit.
1903 2539 2017 2580 Cum
2046 2545 2196 2581 autem

413 2596 597 2652 Poggius
616 2613 704 2641 non
723 2601 805 2642 nisi
824 2601 959 2643 altero
979 2603 1179 2644 monachi
1197 2604 1442 2646 inuentario
1461 2611 1640 2658 accepto
1661 2605 1713 2647 de
1732 2605 1964 2647 Ammiano
1982 2605 2117 2647 uerba
2135 2605 2196 2647 fe-

412 2666 531 2717 cerit,
561 2667 680 2719 prius
710 2667 1003 2709 inuentarium
1031 2669 1159 2710 huius
1189 2671 1378 2712 auctoris
1409 2671 1581 2713 nomine
1611 2671 1797 2713 caruisse
1826 2671 2012 2713 uidetur.
2071 2671 2195 2713 Idem

411 2732 544 2774 etiam
558 2746 674 2774 error
688 2733 742 2775 de
757 2735 791 2774 F
793 2734 954 2776 rontini
969 2736 1175 2788 opusculo
1190 2749 1289 2778 cum
1303 2737 1348 2778 in
1364 2738 1640 2779 Panormitae
1655 2737 1840 2790 epistula
1856 2743 1951 2779 tum
1964 2738 2010 2779 in
2025 2737 2196 2779 Nicolai

409 2800 721 2840 commentario
753 2799 1101 2854 deprehenditur,
1135 2815 1235 2844 cum
1266 2803 1373 2844 liber
1404 2803 1617 2844 secundus
1647 2804 1788 2857 priore
1819 2803 1914 2845 loco
1932 2802 2192 2857 proferatur.

410 2864 536 2916 Quod
565 2871 714 2907 autem
743 2867 996 2909 Panormita
1024 2868 1111 2909 duo
1141 2869 1348 2921 opuscula
1377 2870 1556 2911 Tacitea
1585 2870 1852 2911 Germaniam
1881 2876 1927 2911 et
1953 2870 2194 2922 Agricolam

407 2931 548 2984 primo
569 2931 665 2973 loco
688 2940 999 2974 commemorat
1022 2934 1129 2976 nihil
1150 2941 1217 2976 est
1252 2935 1570 2987 admirandum,
1594 2949 1694 2977 cum
1716 2949 1804 2977 non
1836 2935 2054 2977 inuentari
2076 2941 2194 2978 tran-

408 2997 684 3050 scriptionem
701 2998 775 3040 sed
792 2999 995 3041 nuntium
1011 2999 1178 3042 felicem
1195 3001 1248 3042 de
1266 3002 1389 3043 nouis
1406 3002 1576 3055 scriptis
1592 3002 1771 3055 repertis
1791 3001 1982 3043 Guarino
1999 3015 2077 3042 suo
2094 3002 2193 3043 mit-

494 3107 523 3130 ²⁰
534 3107 668 3151 Galliis,
681 3107 743 3143 sed
754 3107 865 3144 altera
876 3109 894 3144 i
902 3114 1089 3153 expuncta.

494 3162 519 3184 ²¹
532 3162 652 3205 Poggii
662 3163 774 3206 Epist.
787 3163 842 3198 ed.
855 3164 944 3199 Ton.
957 3165 977 3198 I
987 3176 1022 3209 p.
1038 3164 1115 3209 1683
1126 3176 1162 3209 p.
1175 3164 1241 3201 207
1253 3177 1305 3210 sq.
1311 3178 1321 3210 ;
1332 3178 1368 3211 p.
1381 3166 1448 3201 210
1459 3177 1511 3210 sq.
1557 3166 1646 3202 Vide
1657 3177 1763 3210 supra
1774 3177 1809 3210 p.
1826 3166 1868 3200 10
1889 3177 1942 3210 sq.

493 3217 520 3239 ¹²
531 3217 620 3252 Vide
633 3228 738 3261 supra
750 3229 785 3262 p.
800 3219 823 3252 9
836 3229 888 3262 sq.
