2340 3840
383 366 446 400 192
698 366 766 399 DE
782 365 1073 401 FRAGMENTI
1089 366 1382 402 SVETONIANI
1397 367 1464 401 DE
1481 366 1824 403 GRAMMATICIS
2090 367 2167 411 [692

381 482 555 529 ceptam
571 475 710 518 secuti
724 482 841 518 sunt.
889 476 986 528 Sed,
1004 489 1104 518 cum
1121 476 1203 518 uiri
1219 476 1338 518 docti
1358 476 1606 530 opinionem
1627 477 1951 520 Reifferscheidi
1972 478 2168 522 Michae-

378 542 533 595 lisique
562 542 616 583 de
644 541 843 584 codicum
872 542 1076 585 Vaticani
1106 543 1211 584 1862
1244 550 1288 586 et
1318 543 1538 585 Leidensis
1567 543 1730 597 origine
1760 545 1904 586 adhuc
1935 544 2166 598 retineant,

380 608 563 650 alteram
574 608 821 661 opinionem
832 608 932 650 huic
943 609 1354 661 coniunctissimam,
1367 622 1477 662 quae
1488 609 1533 651 id
1547 610 1754 663 temporis
1764 610 2041 664 uulgabatur,
2049 610 2167 655 haud

380 675 444 717 ita
459 675 533 716 diu
563 674 718 716 reicere
747 675 889 717 coacti
916 682 1033 717 sunt.
1093 676 1211 716 Nam
1237 675 1612 717 Reifferscheidius
1648 677 1877 719 nonnullas
1902 677 2167 730 corruptelas

379 740 425 782 in
443 741 563 782 libris
585 738 620 782 V
643 738 675 782 L
697 747 857 793 extare,
882 754 1067 794 quarum
1081 741 1259 795 insignis
1281 748 1348 784 est
1369 755 1406 783 c.
1423 743 1477 784 30
1490 741 1549 795 (p.
1570 741 1662 794 127,
1679 740 1719 794 3)
1736 749 1868 796 yspea
1880 757 1931 785 ex
1942 745 2074 797 9spw
2086 754 2167 797 pro

378 806 660 860 conspectu,⁸⁷⁴
684 820 796 860 quae
828 821 917 849 non
940 807 1023 849 nisi
1045 808 1102 849 ob
1125 807 1340 850 scribendi
1362 808 1620 861 compendia
1642 809 1755 851 male
1777 809 1992 862 explicata
2014 808 2169 852 exoriri

381 873 640 926 potuissent,
669 873 901 926 perspexit.
961 874 1075 916 Cum
1103 880 1252 916 autem
1281 874 1387 923 talia
1407 875 1665 928 compendia
1691 875 1962 918 saeculorum
1989 875 2094 918 noni
2121 881 2168 919 et

382 939 538 982 decimi
560 940 872 982 consuetudine
894 938 1072 982 omnino
1095 940 1390 992 abhorrerent,
1414 954 1502 982 non
1525 940 1631 983 illud
1654 941 2006 995 antiquissimum
2028 954 2169 984 exem-

380 1006 476 1059 plar
505 1006 806 1048 Hersfeldense
832 1005 1063 1058 (Fuldense
1091 1007 1161 1049 vel
1192 1007 1449 1049 Corbeiense
1478 1014 1529 1050 ut
1558 1007 1933 1050 Reifferscheidius
1959 1005 2168 1062 putauit),

381 1072 457 1114 sed
475 1073 605 1115 modo
623 1072 714 1115 eius
731 1073 1014 1126 apographon
1030 1073 1087 1115 ab
1106 1074 1258 1115 Enoch
1276 1074 1492 1115 Asculano
1511 1074 1759 1116 confectum
1777 1075 1965 1116 Romam
1982 1074 2168 1118 relatum

381 1152 472 1181 esse
491 1139 702 1181 iudicauit
720 1139 803 1181 ille.
853 1140 1008 1192 Neque
1026 1139 1179 1181 eadem
1197 1153 1263 1181 res
1284 1140 1497 1182 Rothium
1515 1140 1740 1193 fefellerat,
1762 1140 1837 1194 qui
1854 1140 1967 1182 hanc
1986 1140 2170 1183 alteram

380 1218 403 1247 e
421 1205 590 1248 duabus
607 1204 747 1247 causis
762 1205 969 1258 posuerit,
987 1219 1063 1247 cur
1080 1206 1373 1249 Hersfeldensi
1387 1206 1498 1248 libro
1515 1207 1722 1248 maiorem
1739 1220 1872 1260 quam
1882 1207 2043 1249 saeculi
2051 1205 2170 1250 tertii

382 1272 539 1314 decimi
553 1278 747 1314 aetatem
763 1271 952 1314 tribuere
968 1272 1167 1314 nollet.³⁷⁶
1196 1272 1288 1315 Viri
1305 1273 1423 1315 docti
1438 1273 1570 1326 igitur
1586 1273 1690 1315 olim
1706 1273 1820 1316 inter
1835 1273 1974 1316 Rothi
1989 1272 2170 1316 Reiffer-

381 1338 629 1390 scheidique
649 1337 872 1390 opiniones
893 1338 1181 1390 fluctuabant,
1203 1339 1279 1380 sed
1299 1352 1415 1381 nunc
1435 1339 1667 1381 Decembri
1687 1339 1938 1382 testimonio
1957 1345 2003 1382 et
2022 1338 2170 1382 codice

382 1404 540 1446 Aesino
562 1404 608 1445 in
631 1404 823 1446 medium
845 1404 1026 1457 prolatis
1048 1417 1176 1446 nemo
1199 1411 1266 1447 est
1289 1405 1365 1458 qui
1387 1405 1575 1457 dubitet,
1599 1405 1705 1458 quin
1727 1406 1818 1458 ipse
1841 1404 2170 1459 antiquissimus

383 1470 696 1512 Hersfeldensis
713 1470 848 1512 codex
866 1472 1054 1512 Romam
1070 1477 1318 1524 reportatus
1334 1471 1406 1523 sit,
1423 1471 1546 1525 isque
1562 1485 1650 1514 non
1666 1472 1838 1514 saeculo
1855 1472 1986 1514 tertio
2002 1471 2169 1514 decim0

380 1537 456 1579 sed
476 1536 648 1578 saeculo
668 1550 784 1578 nono
806 1537 875 1579 uel
895 1536 1063 1578 decimo
1077 1537 1361 1590 assignandus
1381 1537 1452 1580 sit.
1504 1538 1786 1591 Corruptelae
1807 1545 1955 1580 tamen
1976 1537 2033 1580 ob
2053 1550 2170 1580 com·

379 1603 540 1656 pendia
554 1610 727 1645 exortae
740 1603 785 1645 in
798 1603 918 1644 libris
931 1601 967 1644 V
978 1600 1010 1644 L
1021 1603 1164 1645 adhuc
1178 1610 1371 1655 manent,
1383 1617 1523 1657 neque
1534 1605 1649 1646 hunc
1663 1605 1827 1646 nodum
1840 1604 2005 1646 soluere
2013 1603 2168 1658 possis,

381 1669 418 1710 si
435 1682 571 1711 unum
589 1670 719 1711 modo
736 1669 928 1711 codicem
944 1669 1057 1712 inter
1074 1683 1146 1711 eos
1163 1676 1208 1713 et
1226 1671 1573 1712 Hersfeldensem
1589 1670 1748 1712 librum
1764 1670 2028 1724 interponas.

466 1735 725 1788 Nuperrime
759 1742 908 1778 tamen
942 1736 1056 1777 hanc
1089 1736 1392 1778 difficultatem
1426 1737 1677 1790 recognouit
1713 1736 1952 1779 Fridericus
1988 1735 2168 1779 Carolus

383 1802 588 1853 Wickius,
616 1803 690 1856 qui
714 1802 796 1844 hoe
821 1802 981 1844 iudicio
1005 1803 1276 1857 prompto,³⁷⁶
1304 1803 1352 1844 in
1378 1804 1594 1856 archetypo
1618 1804 1712 1856 ipso
1732 1803 2018 1857 Hersfeldensi
2042 1802 2167 1856 plura

381 1868 598 1921 eademque
623 1869 756 1921 magis
780 1870 906 1910 uaria
930 1882 1054 1922 quam
1079 1875 1241 1911 censent
1255 1870 1396 1923 fuisse
1419 1870 1678 1923 compendia,
1703 1869 1849 1913 omnia
1873 1869 1930 1911 ad
1953 1868 2169 1922 liquidum

381 1935 614 1987 perducere
635 1935 718 1976 sibi
740 1934 858 1976 uisus
880 1942 959 1977 est.
1012 1936 1154 1987 Quam
1176 1936 1234 1977 ad
1255 1935 1502 1988 opinionem
1524 1936 1867 1978 confirmanda-m
1888 1935 2007 1978 haud
2026 1946 2169 1988 pauca

384 2002 556 2054 Dialogi
573 2007 798 2054 corruptas
814 2001 1020 2043 lectiones
1038 2003 1217 2055 profert,
1236 2015 1422 2055 quarum
1438 2003 1548 2044 aliae
1565 2003 1687 2045 uelut
1704 2007 1776 2044 aut
1791 2014 1871 2055 pro
1888 2007 1938 2054 et,
1956 2007 1992 2043 et
2007 2014 2088 2055 pro
2104 2012 2167 2052 ac,

379 2081 508 2121 neque
527 2078 607 2120 pro
627 2081 714 2119 nec,
736 2068 808 2109 uix
829 2081 852 2109 e
873 2068 1141 2121 compendiis
1162 2069 1355 2110 extitisse
1374 2069 1615 2122 potuerint3
1636 2068 1760 2120 aliae,
1782 2081 1883 2110 cum
1901 2068 1947 2110 in
1967 2067 2168 2110 omnibus

379 2133 499 2175 libris
513 2147 559 2176 se
573 2134 765 2176 habeant
780 2148 868 2175 non
882 2135 939 2176 ad
953 2134 1210 2187 compendia
1224 2135 1269 2176 in
1284 2135 1577 2177 Hersfeldensi
1591 2135 1736 2177 codice
1751 2135 1826 2176 sed
1840 2135 1898 2177 ad
1912 2132 2169 2187 compendia

379 2201 423 2241 in
456 2200 701 2253 antiquiore
735 2201 926 2253 quodam
958 2201 1118 2252 codice,
1154 2214 1266 2254 quae
1308 2201 1622 2243 Hersfeldensis
1662 2201 1862 2243 librarius
1903 2200 2022 2242 haud
2053 2205 2169 2242 recte

379 2267 637 2318 resoluisset,
654 2273 778 2308 erant
793 2267 1098 2309 attribuendae
1106 2282 1116 2319 ;
1139 2281 1240 2320 pars
1264 2274 1412 2310 tamen
1436 2268 1625 2310 maxima
1648 2268 1705 2310 ad
1728 2266 1985 2320 compendia
2007 2266 2052 2307 in
2075 2265 2169 2319 ipso

379 2333 674 2375 Hersfeldensi
698 2333 945 2375 referendae
970 2341 1108 2386 erant,
1134 2334 1171 2375 si
1195 2348 1239 2375 re
1264 2347 1367 2376 uera
1391 2335 1679 2387 archetypum
1703 2334 1902 2375 codicum
1921 2330 1956 2374 V
1976 2329 2009 2374 L
2026 2331 2169 2385 (fami-

378 2399 461 2440 liae
483 2398 518 2441 X
539 2399 584 2440 in
607 2399 870 2441 editionibus
885 2397 1089 2451 Taciteis)
1107 2414 1157 2442 ex
1171 2399 1265 2453 ipso
1281 2401 1574 2443 Hersfeldensi
1587 2401 1697 2442 libro
1713 2399 2026 2452 transcriptum
2040 2404 2166 2440 esset.

379 2466 481 2506 Non
493 2465 655 2507 infitior
667 2466 712 2506 in
733 2466 1026 2507 Hersfeldensi
1039 2467 1378 2519 praepositiones
1394 2474 1498 2520 per-,
1514 2474 1646 2520 prae-‚
1664 2473 1756 2519 pro—
1770 2466 1886 2519 siglis
1900 2463 2082 2506 indicari
2093 2475 2169 2517 po·

379 2532 527 2583 tuisse,
548 2545 816 2584 quamquam
833 2545 1009 2585 perraro
1016 2547 1025 2583 ;
1045 2540 1124 2574 aut
1142 2533 1388 2575 litterarum
1406 2547 1540 2575 nexus
1559 2547 1651 2585 -er-,
1671 2547 1758 2574 -ur-
1777 2531 2080 2584 compendiose
2099 2530 2171 2572 hic

377 2597 463 2640 illic
484 2598 667 2650 scriptos
689 2604 835 2639 extare
853 2598 1061 2650 potuisse,
1084 2599 1244 2652 quippe
1266 2613 1377 2652 quae
1398 2600 1544 2641 omnia
1564 2600 1608 2641 in
1632 2599 1828 2652 Agricola
1847 2597 2020 2648 Aesino,
2041 2595 2170 2638 raris-

378 2664 485 2705 sime
506 2664 695 2716 quidem,
716 2677 761 2705 se
781 2664 1041 2706 habeant.⁸⁷⁷
1084 2666 1166 2707 Sed
1187 2666 1293 2707 talia
1313 2666 1570 2719 compendia
1589 2666 1739 2707 crebra
1758 2664 1889 2706 fuisse
1909 2662 2168 2715 existimare,

379 2737 458 2772 aut
485 2730 761 2783 impeditiora
788 2731 1058 2783 compendia,
1089 2732 1235 2783 qualia
1262 2732 1457 2784 exempla
1484 2745 1511 2773 a
1540 2732 1706 2774 Wickio
1732 2730 1904 2784 prolata
1929 2728 2168 2783 postulent,

381 2796 674 2838 Hersfeldensi
692 2796 830 2837 codici
848 2803 1000 2838 contra
1022 2798 1239 2850 Agricolae
1258 2798 1403 2839 Aesini
1422 2798 1661 2841 certissima
1679 2796 1930 2839 testimonia
1947 2794 2169 2836 uindicare

379 2875 467 2903 non
486 2862 601 2904 licet.
651 2862 726 2904 Sin
748 2863 938 2904 Wickius
957 2876 1045 2904 non
1065 2877 1201 2904 unum
1221 2864 1296 2905 sed
1317 2864 1424 2906 duos
1445 2865 1514 2906 uel
1532 2865 1676 2917 plures
1696 2863 1864 2905 codices
1883 2863 1996 2904 inter
2015 2858 2051 2903 V
2069 2857 2102 2902 L
2122 2866 2168 2903 et

381 2929 728 2970 Hersfeldensem
741 2928 900 2970 librum
914 2929 1176 2971 intercedere
1191 2930 1431 2981 statuisset,
1446 2931 1558 2972 hanc
1573 2930 1820 2983 opinionem
1834 2928 1888 2970 de
1901 2926 2169 2980 compendiis

379 2995 426 3036 in
446 3002 694 3037 nostrorum
715 2995 914 3037 codicum
933 2995 1171 3049 archetypo
1192 2996 1459 3038 comminisci
1478 3011 1565 3038 non
1586 3003 1762 3038 coactus
1782 3001 1906 3036 esset.

472 3094 516 3116 ⁸⁷⁴
529 3094 617 3129 Vide
632 3105 737 3137 supra
753 3105 789 3137 p.
809 3095 883 3128 123.

475 3149 520 3171 ³⁷⁸
532 3149 621 3184 Vide
637 3160 741 3192 supra
757 3160 793 3192 p.
812 3149 855 3183 69
870 3160 922 3192 sq.

472 3205 520 3226 ⁸⁷⁸
534 3205 681 3247 Praefat.
699 3215 736 3247 p.
753 3205 842 3239 XVI
860 3215 912 3247 sq,

471 3260 519 3281 ⁸⁷⁷
531 3260 619 3294 Vide
633 3270 738 3303 supra
751 3270 787 3302 p.
804 3260 846 3293 62
862 3271 916 3303 sq.
