2340 3840
397 357 440 392 74
727 357 795 391 DE
812 357 1104 391 FRAGMENTI
1120 356 1415 392 SVETONIANI
1431 357 1498 391 DE
1516 357 1860 392 GRAMMATICIS
2106 357 2184 401 [574

401 469 582 510 moriam
593 468 888 521 corrigendam
898 468 1144 510 adhibitum
1154 468 1403 509 iudicemus.
1463 468 1575 509 Mihi
1585 469 1849 521 probabilius
1862 469 2048 520 uidetur,
2060 477 2182 523 post-

401 547 533 587 quam
557 533 664 576 liber
689 534 870 576 Aesinus
895 535 951 575 ab
978 548 1064 575 uno
1088 525 1262 575 librario
1288 541 1487 575 exaratus
1513 534 1583 585 sit,
1610 535 1795 576 alterum
1819 534 2043 576 librarium
2066 535 2182 578 illius

400 601 519 653 operi
546 601 795 653 corrigendo
821 601 1043 654 negotium
1070 601 1275 642 continuo
1304 601 1483 651 dedisse,
1512 601 1629 642 nullo
1656 601 1847 642 subsidio
1874 601 2073 644 adhibito
2098 601 2182 644 nisi

400 667 472 708 illo
500 680 586 708 uno
614 667 844 720 exemplari
872 667 991 708 cuius
1018 667 1134 719 prior
1170 667 1367 708 librarius
1405 667 1574 719 copiam
1610 667 1800 708 haberet.
1869 667 1991 709 Alter
2026 673 2179 710 autem

400 733 597 774 librarius
618 747 778 774 errores
799 746 825 774 a
844 733 984 785 priore
1005 733 1144 774 factos
1165 733 1360 783 correxit,
1382 733 1587 774 lectiones
1609 733 1826 774 uariantes
1847 746 1955 785 quas
1975 733 2021 774 in
2041 747 2180 777 exem-

403 799 511 852 plari
532 799 698 841 inuenit
722 800 1004 852 transcripsit,
1028 811 1369 851 nonnumquam,
1393 806 1443 840 ut
1465 799 1673 851 suspicari
1694 799 1809 850 licet,
1833 798 1909 840 ubi
1929 799 2182 853 ambiguum

402 866 441 907 ei
460 865 703 917 uidebatur,
724 872 871 907 utrum
889 866 1006 918 prior
1023 865 1221 906 librarius
1242 865 1457 918 exemplar
1476 872 1590 906 recte
1610 865 1898 917 exscripsisset
1917 878 2064 917 necne,
2085 878 2182 909 eam

401 932 629 973 lectionem
655 945 764 985 quae
789 931 870 972 sibi
894 931 987 972 uisa
1016 938 1080 973 est
1107 931 1287 983 margini
1318 932 1500 973 addidit.
1555 931 1967 984 Quomodocumque
1996 931 2103 974 haec
2131 945 2177 974 se

401 999 578 1049 habent,
601 998 682 1039 hoc
703 1005 870 1040 certum
892 998 997 1039 mihi
1018 998 1207 1039 uidetur:
1236 998 1281 1038 in
1305 999 1498 1050 Agricola
1520 998 1676 1039 Aesino
1698 998 1902 1039 lectiones
1925 997 2181 1051 marginales

403 1064 470 1106 uel
493 1048 624 1117 supra
647 1065 841 1106 ordinem
865 1065 1046 1117 scriptas
1071 1077 1264 1105 summae
1289 1078 1378 1105 esse
1402 1064 1692 1117 antiquitatis,
1718 1071 1850 1116 atque
1875 1063 2067 1106 eiusdem
2089 1064 2179 1107 fer'e

401 1131 673 1172 auctoritatis
705 1131 926 1172 habendas
959 1144 1048 1171 esse
1080 1143 1130 1171 ac
1163 1137 1306 1172 textus
1338 1130 1555 1171 lectiones.
1616 1131 1737 1181 Quae
1769 1136 1918 1171 autem
1949 1129 2003 1171 de
2034 1130 2182 1172 Aesini

400 1197 498 1238 libri
529 1197 763 1238 lectionum
795 1197 1059 1238 uariantium
1091 1197 1232 1238 indole
1265 1197 1453 1249 exposui,
1487 1210 1537 1238 ea
1569 1197 1735 1248 optimo
1767 1197 1857 1237 iure
1889 1202 2038 1238 nostro
2068 1195 2180 1239 libro

402 1263 705 1313 Hersieldensi,
729 1263 887 1316 quippe
907 1263 1027 1304 cuius
1048 1263 1228 1304 Aesinus
1248 1263 1354 1304 liber
1375 1263 1477 1303 olim
1496 1276 1596 1315 pars
1615 1263 1758 1313 fuerit,
1781 1261 2043 1304 uindicanda
2061 1269 2178 1305 sunt.

483 1330 609 1380 Quod
634 1330 691 1370 ad
716 1336 885 1370 nostros
911 1329 1077 1370 codices
1104 1329 1388 1370 Suetonianos
1413 1330 1614 1381 pertinet,
1641 1329 1750 1370 libro
1776 1327 2067 1370 Hersfeldensi
2091 1328 2182 1371 iam

401 1395 474 1436 diu
495 1396 731 1448 deperdito,
751 1396 869 1436 nulla
888 1402 953 1437 est
973 1402 1089 1437 certa
1109 1396 1219 1437 ratio
1240 1408 1349 1448 quae
1369 1396 1574 1437 diiudicet
1599 1402 1697 1437 utra
1724 1395 1853 1436 lectio
1880 1393 1925 1435 in
1955 1401 2176 1446 contextu,

402 1468 501 1502 utra
522 1462 566 1502 in
589 1462 779 1514 margine
801 1462 912 1502 illius
934 1462 1031 1503 libri
1053 1476 1096 1503 se
1118 1462 1309 1503 haberet.
1361 1463 1513 1514 Neque
1537 1472 1793 1514 magnopere
1815 1466 1964 1502 nostra
1984 1460 2179 1512 interest,

400 1541 498 1569 cum
530 1528 617 1569 iam
650 1528 1004 1569 demostrauerim
1036 1528 1142 1568 nihil
1174 1528 1230 1569 ad
1261 1528 1457 1569 lectionis
1481 1528 1723 1569 bonitatem
1745 1534 1939 1580 spectare
1963 1533 2112 1569 utrum
2134 1527 2179 1568 in

401 1601 521 1635 textu
543 1607 599 1635 an
618 1595 662 1635 in
684 1595 873 1647 margine
892 1594 1035 1635 locum
1055 1594 1281 1636 obtineret.

485 1662 532 1701 C.
559 1661 609 1701 10
629 1660 687 1713 (p.
714 1661 815 1711 108,·
831 1659 896 1710 11)
921 1660 1262 1702 Vindobonensis
1285 1661 1417 1701 codex
1439 1661 1556 1701 haere
1578 1661 1622 1701 in
1643 1667 1780 1711 textu,
1803 1657 1979 1701 herm3⁹⁷
2000 1659 2046 1701 in
2068 1671 2180 1701 mar-

400 1727 496 1778 gine
516 1727 700 1768 exhibet.
752 1727 921 1768 Codicis
939 1724 990 1767 W
1009 1727 1136 1768 lectio
1156 1727 1399 1779 marginalis
1419 1727 1599 1768 hermam
1618 1727 1662 1767 in
1683 1723 1720 1767 O
1741 1733 1785 1768 et
1803 1726 1992 1768 familiae
2009 1721 2045 1767 Y
2062 1725 2180 1767 libris

398 1793 540 1833 locum
559 1793 602 1833 in
622 1800 744 1834 textu
763 1793 947 1844 obtinet,
963 1806 1063 1834 cum
1080 1793 1124 1834 in
1140 1790 1180 1833 N
1196 1783 1235 1833 V‘
1246 1793 1382 1834 altera
1400 1793 1526 1834 lectio
1545 1793 1662 1834 haere
1680 1806 1810 1845 supra
1828 1806 2002 1834 uersum
2018 1791 2179 1845 scripta

399 1859 469 1910 sit,
498 1859 541 1900 in
571 1856 609 1900 G
637 1866 785 1900 autem
812 1860 948 1902 altera
976 1873 1128 1900 manus
1157 1872 1246 1900 aere
1275 1859 1456 1912 margini
1482 1859 1747 1900 addiderit.⁹⁸
1802 1857 2175 1901 Reifferscheidius

400 1932 497 1976 post
523 1926 757 1967 editionem
783 1939 906 1966 suam
932 1925 1213 1978 typographis
1240 1926 1494 1974 mandatam
1527 1928 1727 1967 Hermam
1751 1925 1898 1966 librari
1921 1925 2063 1967 leuem
2087 1937 2179 1966 esse

399 1991 691 2033 coniecturam
717 1993 785 2033 uel
811 2006 997 2033 errorem
1022 1992 1214 2045 agnouit,
1242 1999 1375 2044 atque
1400 1976 1519 2032 hae³re
1546 2005 1669 2033 cruce
1694 1991 1882 2044 praefixa
1907 1990 2181 2033 scribendum

399 2058 528 2099 fuisse
549 2059 765 2110 professus
788 2059 899 2100 est.⁹⁹
960 2059 1076 2100 Nam
1096 2061 1297 2100 Hermam
1319 2072 1457 2111 neque
1479 2058 1718 2099 sententiae
1740 2057 1953 2099 satisfacit
1975 2064 2019 2099 et
2038 2069 2116 2110 per
2136 2069 2180 2098 se

398 2130 574 2176 propter
601 2125 860 2176 praecedens
898 2127 1099 2166 Hermam
1127 2124 1170 2175 (l.
1202 2123 1242 2175 8)
1273 2124 1534 2177 suspiciones
1565 2138 1736 2165 mouere
1766 2124 1908 2165 debet.
1966 2118 2180 2164 Ihmius¹⁰⁰

399 2204 570 2242 quoque
595 2204 767 2232 omnem
793 2191 1140 2232 emendationem
1165 2205 1214 2232 ex
1239 2191 1357 2232 haere
1382 2204 1469 2232 non
1494 2205 1544 2232 ex
1577 2193 1778 2233 Hermam
1801 2189 2001 2242 progredi
2025 2189 2179 2230 debere

398 2257 621 2297 iudicauit.
675 2257 788 2297 Mihi
813 2257 987 2309 quidem
1012 2258 1183 2299 uidetur
1206 2271 1293 2298 non
1316 2258 1455 2298 solum
1478 2257 1589 2297 illius
1612 2257 1731 2298 haere
1755 2257 1830 2298 sed
1853 2256 1987 2298 etiam
2007 2255 2181 2297 litterae

398 2336 438 2362 m
480 2336 566 2374 qua
604 2323 785 2364 hermam
825 2324 1083 2364 terminatur
1112 2324 1326 2365 rationem
1345 2323 1494 2364 haberi
1513 2336 1651 2375 posse.
1712 2322 1942 2364 Mercklini
1961 2321 2182 2374 praeclara

397 2389 688 2430 coniectura¹⁰1
737 2390 1045 2439 haere<s>in,
1087 2403 1197 2441 quae
1237 2390 1363 2430 unius
1403 2390 1542 2430 solum
1580 2389 1751 2431 litterae
1790 2388 2003 2430 iacturam
2039 2387 2179 2440 ponit,

397 2455 596 2495 omnibus
616 2455 848 2507 postulatis
868 2456 1143 2497 satisfacit.¹⁰²

482 2553 513 2574 ⁹⁷
524 2552 602 2595 Quo
615 2552 690 2588 iure
703 2552 837 2587 Ihmius
848 2552 885 2594 (l.
901 2564 928 2588 e.
942 2565 978 2597 p.
994 2551 1071 2594 551)
1087 2553 1215 2588 codicis
1229 2551 1272 2587 W
1286 2553 1471 2588 lectionem
1484 2553 1710 2596 marginalem
1721 2552 1869 2587 hermam
1881 2550 1984 2587 alteri
1995 2549 2116 2586 manui
2127 2554 2183 2586 at-

396 2607 569 2650 tribuerit,
584 2618 655 2642 non
669 2619 810 2651 prorsus
825 2608 965 2643 extrico.
1022 2608 1144 2643 Cuiuis
1157 2609 1234 2643 luce
1249 2608 1375 2643 clarius
1390 2619 1557 2652 apparere
1571 2608 1677 2642 debet
1691 2607 1840 2642 eandem
1853 2617 2010 2650 manum,
2024 2615 2117 2649 quae
2129 2609 2184 2640 to-

396 2667 474 2697 tum
487 2662 641 2697 codicem
655 2663 823 2706 exarauit,
838 2663 929 2698 hanc
942 2663 1127 2698 lectionem
1141 2663 1366 2706 marginalem
1380 2663 1566 2706 scripsisse.

484 2718 513 2740 ⁹⁸
524 2717 613 2753 Vide
627 2729 733 2761 supra
747 2729 782 2761 p.
799 2719 854 2753 53.

483 2773 508 2794 ⁹⁹
520 2773 564 2807 In
579 2772 732 2808 editione
746 2773 1077 2808 Reifferscheidiana
1094 2774 1247 2808 Laelium
1270 2778 1354 2808 ante
1368 2775 1530 2808 Hermam
1545 2773 1673 2808 infelici
1687 2783 1770 2807 casu
1785 2771 1940 2815 inrepsit.
1986 2771 2076 2806 Vide
2089 2770 2182 2806 Reif.

395 2839 430 2871 p.
446 2829 512 2862 413
527 2829 609 2863 adn.

486 2884 527 2905 ²⁰⁰
548 2884 612 2926 Op.
625 2884 680 2918 cit.
691 2895 727 2927 p.
740 2884 815 2918 551.

487 2940 525 2961 ¹⁰¹
539 2939 732 2982 Philologus
746 2940 903 2982 XVIIII,
919 2951 954 2982 p.
974 2940 1046 2973 158.

485 2994 524 3015 ¹⁰²
535 2993 780 3028 Distinctionis
795 2994 931 3036 signum
946 2999 1028 3036 post
1043 2994 1194 3028 haeresin
1218 2994 1419 3036 ponendum
1435 2999 1489 3028 est
1504 2998 1544 3028 ut
1559 2994 1655 3028 locus
1669 2993 1719 3028 sic
1742 2993 1892 3035 legatur:
1913 2992 2050 3027 audisse
2074 2991 2183 3026 Anto·

395 3049 493 3083 nium
510 3049 720 3091 Gniphonem
741 3050 876 3092 eiusque
895 3049 1151 3090 haere<s>in;
1169 3054 1282 3091 postea
1299 3049 1459 3083 docuisse.
1514 3051 1551 3083 H
1553 3049 1675 3083 aeresis
1699 3052 1819 3083 autem
1844 3047 1966 3082 eadem
1992 3046 2063 3082 fere
2087 3045 2184 3089 quod

396 3104 514 3147 dogma
531 3103 760 3146 intellegenda
779 3109 842 3139 est.
889 3103 1030 3138 Ateium
1047 3104 1244 3140 ioculariter
1260 3115 1383 3147 capere
1400 3104 1577 3147 debemus,
1604 3108 1646 3138 ut
1665 3103 1876 3149 Ciceronem,
1895 3102 2008 3145 Epist.
2034 3101 2090 3136 ad.
2111 3100 2183 3135 Au.

395 3159 485 3194 XIV
502 3160 553 3201 14,
568 3159 608 3193 de
622 3159 750 3193 haeresi
771 3159 967 3194 Vestoriana
982 3159 1202 3201 scribentem;
1227 3170 1310 3193 nam
1326 3159 1516 3193 rhetoricus
1530 3157 1846 3201 grammaticusque
1859 3157 2033 3200 professor
2046 3166 2084 3191 re
2097 3165 2182 3190 uera

396 3214 548 3249 haeresin
565 3214 692 3248 habere
711 3214 769 3248 uix
785 3219 935 3257 poterat.
