2340 3840
949 752 1144 794 CAPVT
1161 753 1187 792 -Ι

466 854 523 895 ΙΝ
543 853 642 906 Qvo
663 865 723 894 m:
745 853 921 895 Comen
941 853 1298 894 HERSFELDENSI
1319 862 1470 899 ATQVE
1490 862 1551 892 DE
1571 861 1675 891 mvs

553 920 849 962 Invmmonz
870 932 927 962 m·
947 920 1296 961 INVEN‘ronrnvs
1317 928 1586 959 mssmurvn

251 1021 303 1063 C.
330 1020 511 1063 Suetoni
533 1020 779 1073 Tranquilli
801 1019 1099 1073 fragmentum
1124 1021 1187 1060 De
1211 1019 1506 1061 Grammaticis
1531 1023 1567 1059 et
1591 1018 1837 1058 Rhetoribus
1861 1017 1975 1058 inter

166 1087 487 1139 renascentium
523 1087 771 1129 litterarum
808 1087 970 1129 aetatis
1006 1086 1205 1128 homines
1241 1085 1408 1139 primus
1447 1085 1522 1138 qui
1559 1084 1820 1126 nominatim
1858 1096 1975 1125 com-

167 1161 379 1197 memoret
402 1154 621 1196 Antonius
645 1154 901 1196 Panormita
924 1154 1125 1195 Bononia
1148 1167 1296 1195 mense
1319 1152 1458 1206 Aprili
1481 1152 1495 1178 ¹
1517 1152 1622 1194 anni
1648 1153 1753 1193 1426
1780 1151 1974 1193 Guarino

167 1221 406 1264 Veronensi
437 1220 544 1263 haec
577 1221 770 1263 scribens
804 1221 910 1263 mihi
943 1221 1155 1263 innotuit:
1216 1220 1242 1240 “
1253 1253 1401 1262 ......
1414 1221 1644 1261 Praeterea
1677 1226 1744 1260 est
1778 1218 1896 1271 quod
1932 1225 1974 1260 te

167 1301 256 1330 non
275 1288 433 1330 minori
452 1287 684 1341 voluptate
704 1288 885 1339 afficiat;
906 1288 982 1330 sed
1002 1288 1180 1329 omnino
1200 1300 1382 1329 coenam
1402 1292 1573 1340 parato,
1596 1299 1684 1339 qua
1704 1286 1749 1327 in
1769 1300 1814 1327 re
1835 1292 1884 1327 tu
1906 1299 1975 1326 me

166 1368 255 1398 non
279 1355 420 1398 audis.
472 1356 734 1409 Compertus
760 1363 826 1398 est
854 1357 952 1397 Cor.
981 1356 1162 1397 Tacitus
1188 1355 1241 1397 de
1267 1354 1430 1408 origine
1456 1361 1499 1396 et
1525 1353 1613 1395 situ
1641 1354 1972 1395 Germanorum.

167 1423 283 1466 Item
311 1421 505 1464 eiusdem
534 1422 588 1464 de
616 1422 711 1464 vita
739 1415 840 1464 Iulii
870 1422 1094 1476 Agricolae
1121 1422 1246 1475 isque
1274 1421 1447 1475 incipit:
1507 1420 1752 1462 ‘Clarorum
1781 1420 1973 1461 virorum

166 1489 302 1532 facta’
338 1495 581 1531 caeterave.
651 1489 900 1542 Quinetiam
931 1490 1025 1532 Sex.
1054 1489 1155 1531 Iulii
1182 1488 1417 1531 Frontonis
1443 1488 1497 1529 de
1524 1486 1873 1541 aquaeductibus
1900 1487 1974 1539 qui

169 1556 216 1598 in
245 1555 399 1599 urbem
429 1557 618 1598 Romam
648 1556 934 1608 inducuntur;
965 1563 1010 1599 et
1040 1563 1107 1598 est
1136 1556 1294 1599 litteris
1325 1555 1467 1597 aureis
1499 1554 1800 1608 transcriptus.
1860 1555 1975 1595 Item

167 1622 363 1666 eiusdem
382 1623 617 1666 Frontonis
635 1623 744 1666 liber
763 1624 887 1675 alter,
910 1624 985 1677 qui
1003 1624 1050 1665 in
1067 1623 1184 1665 hunc
1204 1623 1384 1664 modum
1404 1622 1626 1664 iniciatur:
1686 1622 1815 1663 ‘Cum
1835 1621 1976 1662 omnis

167 1703 237 1733 res
253 1689 311 1732 ab
329 1690 593 1744 imperatore
612 1690 812 1744 delegata
831 1691 1099 1733 mentionem
1118 1691 1277 1744 exigat'
1297 1697 1342 1732 et
1360 1696 1546 1732 caetera.
1607 1690 1665 1730 Et
1684 1689 1891 1730 inventus
1909 1695 1976 1729 est

169 1757 350 1811 quidam
366 1757 581 1811 dyalogus
598 1757 652 1800 de
668 1765 839 1801 oratore
855 1765 901 1801 et
916 1766 998 1811 est,
1017 1765 1068 1800 ut
1085 1758 1394 1808 coniectamus,
1416 1758 1514 1799 Cor.
1533 1756 1690 1807 Taciti,
1710 1762 1844 1808 atque
1860 1756 1896 1796 is
1913 1755 1976 1796 ita

168 1824 341 1879 incipit:
399 1825 553 1879 ‘Saepe
573 1839 625 1867 ex
646 1839 716 1867 me
735 1825 978 1879 requirunt’
999 1832 1045 1868 et
1065 1832 1250 1867 caetera.
1310 1825 1433 1866 Inter
1454 1837 1564 1877 quos
1584 1830 1628 1865 et
1649 1823 1759 1864 liber
1781 1822 1976 1865 Suetonii

167 1890 414 1945 Tranquilli
452 1898 649 1946 repertus
690 1892 744 1934 de
784 1892 1081 1946 grammaticis
1122 1899 1167 1935 et
1207 1891 1473 1934 rhetoribus:
1530 1890 1631 1932 huic
1671 1889 1850 1932 inicium
1890 1896 1975 1931 est:

170 1957 442 2002 ‘Gramatica
465 1959 662 2001 Romae'.
723 1959 782 2001 Hi
806 1967 851 2002 et
874 1959 1212 2001 innumerabiles
1236 1959 1310 2001 alii
1334 1959 1409 2012 qui
1432 1958 1478 2000 in
1503 1957 1705 1999 manibus
1729 1963 1975 2007 versantur,

168 2031 214 2068 et
229 2032 456 2080 praeterea
472 2026 546 2068 alii
562 2026 749 2068 fortasse
768 2027 842 2079 qui
859 2027 904 2068 in
922 2041 1003 2068 usu
1021 2041 1109 2068 non
1125 2033 1243 2077 sunt,
1262 2039 1350 2068 uno
1367 2026 1413 2068 in
1428 2026 1525 2067 loco
1541 2025 1671 2066 simul
1687 2030 1809 2074 sunt3
1826 2024 1857 2065 ii
1874 2037 1977 2066 vero

168 2107 334 2146 omnes,
376 2093 452 2148 qui
492 2093 550 2136 ob
592 2094 820 2137 hominum
860 2095 1083 2149 ignaviam
1123 2095 1170 2137 in
1212 2094 1545 2137 desuetudinem
1586 2093 1788 2135 abierant
1828 2091 1977 2146 ibique

169 2166 288 2212 sunt,
306 2159 482 2202 cuidam
499 2160 608 2202 mihi
626 2161 982 2203 coniunctissimo
1001 2161 1283 2204 dimittentur
1298 2160 1566 2215 propediem,
1586 2159 1641 2200 ab
1660 2159 1734 2200 illo
1752 2165 1903 2200 autern
1921 2158 1976 2199 ad

170 2240 240 2270 me
255 2227 452 2282 proxime
469 2233 514 2270 et
532 2227 586 2269 de
604 2234 799 2281 repente3
820 2235 869 2270 tu
887 2229 1078 2271 secundo
1095 2229 1318 2282 proximus
1336 2227 1432 2279 eris,
1453 2227 1528 2280 qui
1546 2233 1722 2268 renatos
1740 2239 1843 2267 sane
1861 2225 1978 2267 illus—

170 2293 386 2336 trissimos
402 2293 634 2337 habiturus
655 2295 712 2337 sis
723 2329 869 2337 ......
884 2297 909 2315 ”
969 2297 1038 2338 De
1057 2296 1219 2338 eisdem
1237 2295 1358 2337 libris
1376 2294 1568 2337 inuentis
1588 2294 1707 2335 fama
1727 2292 1864 2346 magis
1885 2292 1978 2345 qui-

169 2360 270 2404 dem
288 2360 443 2416 exigua
464 2361 646 2404 Guarini
664 2362 710 2404 in
728 2376 855 2405 aures
873 2363 1052 2405 Ioannis
1071 2363 1277 2405 Lamolae
1298 2362 1453 2404 merito
1471 2361 1561 2404 iam
1580 2367 1712 2403 antea
1732 2359 1978 2401 manauisse

170 2427 360 2481 uidetur,
384 2434 436 2471 ut
458 2442 510 2471 ex
531 2428 647 2471 illius
670 2429 814 2472 uerbis
837 2430 882 2472 in
905 2430 1094 2485 epistula
1116 2431 1173 2472 ad
1197 2430 1384 2473 eundem
1407 2429 1635 2471 Lamolam
1659 2427 1883 2469 Bononiae
1907 2427 1979 2469 de-

169 2501 345 2549 gentem
365 2495 436 2538 die
453 2497 611 2539 XXVI
631 2497 792 2549 mensis
812 2497 1007 2540 Ianuarii
1026 2497 1219 2540 eiusdem
1240 2497 1344 2540 anni
1362 2497 1378 2522 ²
1401 2498 1507 2539 1426
1527 2495 1690 2549 scripta
1709 2494 1944 2548 colligitur:
1964 2494 1979 2519 ⁸

171 2561 199 2583 “
209 2595 357 2605 ......
368 2562 484 2615 Quid
502 2563 684 2606 nuntius
702 2565 1024 2607 renascentium
1042 2565 1236 2607 virorum
1255 2571 1300 2607 et
1317 2564 1363 2606 in
1381 2565 1521 2606 lucem
1539 2563 1827 2617 prolatorum,
1849 2575 1979 2614 quem

170 2627 278 2672 mihi
293 2642 395 2671 cum
412 2629 634 2673 suavitate
652 2631 840 2673 mirabili
857 2633 1010 2674 affers?
1068 2633 1106 2674 O
1124 2632 1160 2674 si
1179 2631 1430 2674 Cornelium
1448 2630 1654 2672 Tacitum
1671 2629 1830 2683 ipsum,
1851 2628 1979 2669 Plinii

175 2695 262 2738 mei
279 2697 470 2740 amicum
492 2697 657 2739 socium
671 2699 893 2752 collegam,
917 2706 1114 2753 spectare
1136 2706 1181 2741 et
1202 2712 1349 2741 coram
1371 2698 1497 2740 affari
1518 2698 1683 2739 deturl.
1704 2731 1712 2738 .
1732 2730 1739 2737 .
1759 2730 1768 2737 .
1782 2697 1807 2715 ''

254 2763 442 2806 Ineunte
465 2763 599 2818 igitur
622 2778 739 2806 anno
766 2767 872 2808 1426
896 2766 1016 2809 fama
1040 2767 1094 2809 de
1119 2765 1300 2809 Suetoni
1323 2765 1571 2820 fragmento
1596 2766 1659 2805 De
1683 2764 1979 2806 Grammaticis

169 2835 207 2872 et
225 2830 486 2884 Rhetoribus,
509 2831 654 2874 Taciti
675 2833 878 2886 operibus
899 2833 1155 2886 minoribus,
1178 2832 1378 2875 Frontini
1398 2835 1461 2874 De
1482 2832 1820 2886 Aquaeductibus
1842 2844 1980 2883 nuper

168 2896 360 2940 inuentis
389 2899 634 2940 Bononiam
661 2901 831 2953 perlata
859 2908 967 2943 erat.
1025 2901 1160 2944 Cuius
1189 2902 1242 2943 de
1269 2901 1454 2942 notitiae
1483 2899 1646 2953 origine
1674 2899 1731 2940 ad
1760 2897 1978 2939 Francisci

171 2964 306 3018 Poggi
320 2965 568 3019 epistulam,
589 2979 721 3019 quam
740 2969 906 3009 Romae
924 2967 993 3010 die
1010 2970 1081 3010 ΙΙΙ
1099 2968 1259 3010 mensis
1277 2966 1540 3010 Nouembris
1558 2965 1661 3007 anni
1677 2963 1978 3018 praecedentis

258 3075 271 3098 ¹
283 3075 490 3120 Sabbadini,
503 3077 607 3112 studi
617 3077 765 3112 Italiani
778 3079 848 3113 VII
861 3089 896 3123 p.
915 3079 977 3113 122
991 3090 1060 3123 sq.;
1073 3079 1121 3115 id.
1135 3079 1250 3114 Ston'a
1263 3091 1280 3114 e
1294 3078 1422 3114 Critian
1435 3089 1471 3122 p.
1496 3075 1538 3112 67
1553 3088 1605 3120 sq.
1654 3076 1759 3110 Hane
1772 3074 1960 3119 epistulam
1970 3101 1978 3117 ,

169 3129 253 3166 lieet
263 3130 339 3166 dies
349 3142 423 3167 non
434 3131 483 3167 sit
493 3132 690 3176 appositus,
703 3134 941 3170 Sabbadinius
951 3135 1065 3170 mensi
1075 3135 1188 3179 Aprili
1199 3134 1286 3169 anni
1301 3134 1388 3169 1426
1399 3134 1471 3168 fere
1483 3138 1581 3168 certa
1593 3131 1730 3167 ratione
1741 3130 1912 3166 uindicat.

258 3187 272 3209 ¹
284 3187 342 3222 De
353 3191 553 3232 temporum
564 3188 700 3224 ratione
713 3189 968 3226 Sabbadinium
980 3190 1112 3234 ubique
1123 3202 1261 3234 sequor.

260 3243 274 3266 ⁸
286 3242 490 3286 Sabbadini,
505 3244 602 3279 stud.
620 3245 699 3280 Ital.
716 3245 786 3279 VII
800 3257 835 3289 p.
855 3246 931 3290 120;
947 3246 994 3282 id.
1010 3247 1124 3282 Storia
1138 3259 1155 3282 e
1170 3247 1297 3281 critica
1311 3258 1347 3290 p.
1363 3247 1440 3280 264.

1063 3338 1085 3371 9
