2340 3840
675 379 708 412 4.
734 378 879 414 Codices
892 377 927 412 H
942 377 970 413 P
984 378 1015 414 U
1028 391 1046 414 e
1058 381 1234 415 communi
1245 381 1436 426 archetypo
1447 382 1629 427 deperdito
1639 398 1661 426 η
1671 384 1838 428 originem
1849 386 1993 422 traxisse

762 433 1056 470 demonstrantur.
1093 436 1323 472 Necessitudo
1334 437 1427 473 inter
1438 438 1592 474 codicem
1605 437 1642 473 H
1655 445 1692 474 et
1703 439 1892 476 editionem
1904 452 1995 485 quae

760 489 894 524 Incerta
907 495 1055 525 uocatur
1067 491 1251 527 excutitur.
1287 492 1467 528 Nonnulla
1479 493 1523 528 de
1536 494 1654 529 codice
1667 492 1700 529 11
1719 494 1885 531 dicuntur
1890 523 1986 532 .....
2041 497 2197 534 156-166

674 555 705 589 5.
731 555 877 590 Codices
895 553 923 590 C
941 554 968 590 F
985 560 1014 591 Δ
1034 555 1067 596 Q
1085 557 1193 593 editio
1204 549 1338 593 Veneta
1355 569 1386 594 a.
1400 558 1486 594 1474
1501 571 1520 594 e
1537 561 1713 595 communi
1728 561 1920 606 archetypo
1935 562 1994 597 de-

761 610 899 654 perdito
918 614 938 645 θ
956 617 1054 647 ortus
1072 612 1198 648 ducere
1225 614 1420 658 probantur
1426 642 1985 652 ..........................
2040 617 2190 655 1⁶6-171

678 678 710 711 6.
735 678 834 712 Inter
847 677 982 713 codices
999 676 1026 712 C
1043 676 1070 713 F
1085 683 1114 714 Δ
1128 684 1164 714 et
1178 683 1197 714 θ
1209 679 1441 725 archetypum
1454 681 1675 726 deperditum
1690 696 1706 716 ε
1718 683 1920 727 ponendum
1934 684 1992 719 de·

762 738 980 768 monstratur
986 761 1987 774 ..............................................
2042 738 2192 777 171-177

674 796 705 833 7.
730 798 850 833 Codex
868 797 901 838 Q
917 805 954 834 et
969 800 1076 835 editio
1091 801 1225 835 Veneta
1241 813 1272 836 a.
1286 801 1370 836 1474
1385 814 1404 836 e
1419 803 1596 838 communi
1609 803 1801 848 archetypo
1810 805 1992 849 deperdito

761 867 785 894 μ
801 854 1013 898 profluxisse,
1032 854 1192 891 librarius
1211 861 1330 891 tamen
1352 855 1384 896 Q
1401 857 1539 893 duobus
1557 859 1809 903 exemplaribus
1826 871 1992 896 ususaese

759 909 1022 945 demonstratur
1028 938 1984 950 ............................................
2039 914 2190 955 177-182

671 975 703 1010 8.
729 976 926 1011 Consensus
936 976 1028 1012 inter
1037 977 1162 1022 stripes
1174 991 1196 1012 α
1206 983 1242 1013 et
1253 991 1278 1018 ·γ
1290 983 1464 1014 tractatur
1470 1007 1985 1017 ........................
2039 982 2193 1025 182-186

614 1041 770 1076 Stemma
781 1042 828 1077 ad
838 1053 967 1078 nexum
976 1043 1069 1078 inter
1079 1055 1199 1079 omnes
1210 1045 1345 1080 codices
1356 1045 1668 1082 demonstrandum
1679 1047 1861 1083 exhibetur
1867 1076 1985 1084 ......
2128 1049 2193 1085 186

332 1106 421 1150 Cap.
466 1108 507 1142 V.
553 1107 647 1151 Quid
669 1108 736 1143 uiri
757 1108 853 1144 docti
874 1109 912 1144 in
935 1110 1079 1145 Suetoni
1100 1111 1298 1154 fragmento
1320 1117 1356 1147 et
1378 1113 1520 1156 Dialogo
1543 1113 1688 1149 Taciteo
1710 1115 1926 1150 recensendis
1947 1115 1992 1151 de
2173 1111 2174 1115 ¹

612 1164 742 1199 nostris
764 1164 940 1200 codicibus
962 1165 1078 1200 adhuc
1099 1165 1330 1202 iudicauerint
1338 1195 1986 1206 ..............................
2039 1169 2190 1208 187-193

331 1226 613 1273 Bibliographica
624 1255 1987 1272 ..............................................................
2040 1237 2191 1274 194-195
