2340 3840
435 362 497 396 102
764 362 832 396 DE
849 361 1142 397 FRAGMENTI
1157 362 1453 399 SVETONIANI
1468 364 1536 398 DE
1553 364 1898 401 GRAMMATICIS
2144 367 2222 410 {⁶02

433 485 641 526 propono.
698 473 765 515 Sic
798 473 1027 527 legendum
1062 473 1168 515 mihi
1192 473 1382 516 uidetur:
1405 476 1454 517 in
1478 477 1627 529 quibus
1651 482 1687 518 et
1711 489 1836 519 suum
1861 478 2018 520 alicubi
2039 479 2219 532 reperiri

434 551 583 581 nomen
607 545 747 583 <ut>
773 540 965 582 auctoris.
1012 540 1139 592 Quod
1157 546 1271 582 certe
1289 541 1503 594 optimam
1520 543 1782 585 sententiam
1799 543 1979 596 praebet
1996 557 2138 598 neque
2153 544 2219 588 ita

435 605 559 659 longe
576 618 603 647 a
619 605 706 647 fide
722 605 921 648 codicum
938 606 1155 648 abhorret.
1202 607 1319 649 Nam
1336 608 1423 649 tale
1441 608 1546 660 quid
1562 609 1607 649 in
1624 608 1934 662 antiquissimis
1950 610 2070 652 libris
2085 623 2220 664 pono:

438 674 546 717 VTA
557 663 783 718 VTHffiS.
837 672 880 715 Si
904 685 990 725 quo
1014 685 1116 715 casu
1141 672 1262 718 illaA
1288 673 1463 726 delapsa
1477 680 1556 725 est,
1581 674 1706 717 facile
1729 675 1986 728 perspicitur
2010 676 2090 718 VT
2112 689 2219 731 quo-

435 751 518 791 que
541 738 819 791 delapsurum
841 738 986 791 fuisse,
1011 745 1145 792 atque
1167 738 1241 781 illa
1263 740 1297 781 S
1319 739 1517 782 desinens
1540 740 1666 783 facile
1688 741 1734 783 in
1757 743 1794 785 C
1815 742 2033 795 corrumpi
2054 741 2217 796 potuit.

437 804 678 858 Compendi
693 805 816 859 signo
831 805 966 848 etiam
981 805 1140 847 omisso
1155 803 1238 848 hoc
1252 805 1512 859 relinquitur
1537 807 1661 848 VTH
1662 808 1729 850 ΟΙ
1730 809 1778 851 C.
1813 808 2044 851 Correetor
2057 808 2216 863 aliquis

432 869 478 912 in
494 873 538 914 H
540 871 606 913 ΟῙ
607 871 644 914 C
659 873 726 914 uel
742 873 815 914 hoc
832 871 900 914 uel
919 872 986 914 hic
1002 872 1239 925 perspicere
1258 872 1340 914 sibi
1358 873 1475 914 uisus
1491 880 1569 924 est,
1583 874 1697 916 unde
1713 874 1901 916 exoritur
1917 874 2046 917 lectio
2061 874 2219 928 duplex

434 938 518 979 hic:
539 937 623 980 hoc.

519 1004 568 1046 C.
591 1004 639 1045 11
659 1003 719 1057 (p.
743 1005 834 1056 109,
858 1003 922 1055 14)
946 1006 1190 1058 Inscripsit:
1211 1006 1258 1046 Is
1277 993 1457 1058 scripsit.
1508 1007 1677 1048 Neutra
1695 1007 1823 1049 lectio
1844 1007 2010 1050 edenda
2023 1013 2103 1060 est,
2116 1020 2218 1050 cum

434 1069 539 1111 satis
555 1077 725 1113 constet
742 1071 856 1113 hunc
873 1084 1057 1113 errorem
1075 1085 1097 1113 e
1114 1071 1280 1124 uulgari
1296 1072 1650 1124 pronuntiatione
1668 1074 1853 1126 iscripsit
1867 1085 1948 1125 pro
1962 1074 2133 1128 scripsit
2147 1084 2218 1116 ex-

433 1142 578 1178 ortum
603 1150 707 1188 esse,
734 1137 850 1190 quod
877 1137 1249 1179 Reifferscheidius
1275 1137 1407 1179 etiam
1432 1139 1476 1179 in
1502 1140 1700 1181 addendis
1724 1152 1766 1193 p.
1791 1140 1927 1182 VIIII
1950 1140 2215 1195 recognouit.

433 1203 589 1244 Similis
609 1211 674 1245 est
695 1217 810 1245 error
831 1217 866 1245 c.
881 1205 905 1245 3
927 1202 987 1256 (p.
1014 1205 1104 1255 101,
1129 1203 1212 1255 15),
1235 1204 1310 1245 ubi
1330 1205 1496 1247 codices
1520 1206 1640 1247 Istilo
1661 1204 1808 1256 (istilio
1825 1203 1859 1248 B
1880 1206 2026 1248 Jstilio
2042 1203 2086 1248 Η
2105 1207 2216 1251 stillo

433 1265 472 1310 K
515 1269 609 1311 stilo
629 1283 652 1311 e
672 1270 851 1312 coniect.
884 1267 941 1320 Q)
964 1284 1042 1323 pro
1067 1271 1173 1312 Stilo
1201 1270 1415 1312 exhibent.
1485 1272 1593 1314 Vide
1616 1272 1882 1326 Grandgent,
1912 1272 2068 1327 Vulgar
2089 1274 2217 1316 Latin

430 1349 473 1388 p.
495 1335 636 1377 97-98.

517 1402 566 1443 C.
596 1402 647 1443 18
670 1402 729 1456 (p.
760 1403 851 1455 114,
877 1400 917 1453 9)
943 1403 1067 1444 hanc:
1093 1404 1178 1446 hoc.
1233 1403 1605 1446 Reifferscheidius
1631 1405 1704 1447 hoc
1727 1404 1935 1458 praetulit
1959 1411 2004 1448 et
2027 1405 2218 1460 interpo-

431 1468 638 1510 lationem
659 1469 900 1523 coniugium
921 1483 999 1523 pro
1024 1470 1215 1523 coniugio
1241 1470 1499 1521 introduxit;
1526 1471 1670 1513 nescio
1696 1485 1782 1525 quo
1805 1478 1954 1525 pacto,
1977 1484 2078 1514 cum
2101 1471 2216 1514 illius

433 1534 549 1576 “dux
575 1534 867 1577 certissimus’'
893 1535 1131 1578 Vaticanus
1162 1533 1197 1577 V
1227 1543 1457 1589 utramque
1487 1537 1716 1579 lectionem
1745 1538 1840 1580 hoc:
1872 1538 1979 1580 hanc
2006 1537 2213 1592 proferat.

435 1600 547 1642 Cum
565 1608 751 1654 utraque
767 1601 896 1643 lectio
913 1602 1052 1644 codici
1069 1602 1361 1644 Hersfeldensi
1378 1603 1589 1645 uindicari
1605 1604 1756 1656 possit,
1776 1604 1941 1646 nullam
1958 1617 2136 1647 causam
2153 1604 2216 1647 ui-

433 1667 512 1709 deo
533 1680 608 1709 cur
626 1668 817 1721 coniugio
837 1668 944 1710 hanc
962 1668 1144 1710 scribere
1164 1682 1251 1710 non
1269 1669 1412 1720 liceat,
1429 1682 1540 1722 quae
1560 1683 1656 1712 mea
1677 1670 1851 1723 quidem
1870 1670 2072 1724 opinione
2089 1669 2217 1726 longe

430 1733 722 1786 praestantior
752 1740 817 1776 est
846 1734 987 1777 lectio.
1056 1735 1308 1776 Vahlenus¹⁶
1338 1741 1381 1777 et
1411 1735 1579 1778 Ihmius
1598 1736 1634 1761 ¹⁰
1661 1747 1741 1789 pro
1770 1736 1963 1790 coniugio
1992 1737 2100 1779 hanc
2126 1743 2214 1780 sta-

432 1806 622 1842 tuerunt.

516 1866 565 1908 C.
586 1867 637 1908 25
655 1865 713 1920 (p.
737 1867 829 1919 123,
855 1866 892 1918 1)
917 1868 1118 1920 syntasis:
1139 1869 1341 1920 syntaxis.
1390 1868 1486 1910 Hoc
1507 1869 1943 1911 animaduertendum
1965 1875 2031 1912 est
2052 1870 2214 1923 synthe-

430 1933 490 1973 sis
511 1932 728 1974 leuissima
748 1934 1010 1976 auctoritate
1032 1933 1128 1986 niti,
1150 1946 1252 1975 nam
1274 1934 1365 1976 sine
1387 1933 1519 1977 dubio
1540 1935 1584 1976 in
1601 1932 1633 1976 L
1654 1935 1842 1977 Pontani
1863 1935 2110 1978 coniectura
2131 1942 2212 1988 est,

430 1997 474 2039 in
494 1995 537 2039 H
555 1995 629 2050 (Ρ)
649 2005 799 2042 autem
818 1999 1091 2043 coniecturae
1110 2000 1201 2043 eius
1220 1999 1303 2042 uiri
1321 2000 1440 2043 docti
1459 2000 1534 2054 qui
1552 2000 1713 2043 codicis
1738 1997 1782 2043 Η
1805 2001 2093 2056 archetypum
2116 2013 2213 2044 exa-

429 2063 576 2107 rauit¹⁷
593 2066 924 2108 attribuendum
941 2073 1021 2109 est.
1069 2067 1205 2109 Aldus
1221 2073 1266 2108 et
1283 2080 1432 2109 omnes
1448 2074 1552 2110 ante
1569 2066 1928 2121 Oudendorpium
1947 2067 2110 2110 Graece
2127 2084 2213 2110 συν-

428 2134 550 2180 τάξεις
567 2132 810 2174 ediderunt.
861 2133 1193 2186 Oudendorpius
1210 2133 1373 2186 partim
1391 2133 1561 2176 Schotti
1578 2133 1838 2186 coniectura,
1857 2146 1970 2187 quae
1985 2133 2069 2176 nisi
2088 2133 2214 2177 fallor

427 2197 585 2239 codicis
602 2195 636 2239 P
657 2199 939 2241 testimonio¹⁸
954 2199 1121 2251 nititur,
1143 2199 1304 2253 partim
1325 2214 1375 2242 ex
1395 2200 1678 2242 adnotatione
1699 2201 1756 2242 ad
1777 2200 2014 2253 marginem
2034 2200 2213 2243 ultimae

426 2263 627 2306 editionis
648 2265 1005 2307 Casaubonianae
1023 2266 1217 2317 adtexta,
1239 2279 1349 2319 quae
1367 2273 1411 2308 et
1429 2266 1524 2319 ipsa
1541 2267 1598 2308 ad
1621 2267 1806 2308 eundem
1825 2264 1859 2307 P
1882 2266 2106 2310 referenda
2129 2273 2209 2318 est,

426 2333 612 2373 συνθέσεις
642 2331 791 2374 edidit.
848 2332 1025 2373 Wolfius
1055 2332 1188 2374 etiam
1218 2332 1369 2375 eodem
1399 2333 1545 2375 codice
1575 2330 1609 2374 P
1638 2333 1694 2374 ab
1724 2333 1819 2386 ipso
1847 2333 2007 2375 collato
2025 2333 2210 2375 alterum

425 2402 581 2438 testem
600 2397 727 2439 huius
744 2397 938 2440 lectionis
955 2398 1138 2451 reperire
1156 2398 1237 2440 sibi
1255 2399 1371 2440 uisus
1390 2405 1469 2440 est.
1519 2399 1664 2440 Codex
1685 2396 1717 2440 L
1736 2411 1776 2440 a.
1802 2399 1904 2440 1841
1928 2411 1955 2441 a
1975 2398 2149 2441 Trossio
2167 2399 2211 2442 in

424 2461 563 2503 lucem
580 2463 775 2515 prolatus
794 2470 839 2506 et
859 2464 952 2517 ipse
980 2465 1184 2516 synthesis
1214 2464 1418 2507 exhibens
1439 2464 1553 2507 hanc
1572 2465 1804 2507 lectionem
1826 2464 2081 2508 confirmare
2107 2464 2211 2507 olim

380 2546 390 2560 ·
424 2527 669 2571 uidebatur.
713 2530 797 2573 Sed
819 2530 988 2572 etiamsi
1017 2531 1220 2583 synthesis
1241 2531 1438 2573 codicum
1458 2531 1766 2573 auctoritatem
1785 2531 1978 2583 haberet,
2007 2531 2210 2574 idoneam

423 2595 683 2637 sententiam
717 2596 817 2639 inde
846 2609 1086 2650 numquam
1110 2597 1308 2639 efficeres.
1377 2597 1620 2639 Gronouius
1648 2597 1783 2650 (apud
1814 2595 2062 2648 Graeuium)
2091 2599 2210 2640 θέσεις

423 2660 576 2711 uoluit,
599 2662 744 2704 Senec.
773 2663 912 2705 Contr.
946 2664 969 2704 I
999 2663 1132 2716 praef.
1174 2664 1222 2704 12
1251 2663 1407 2705 citans:
1441 2657 1758 2705 “Declamabat
1778 2669 1928 2704 autem
1950 2663 2099 2705 Cicero
2120 2676 2209 2704 non

424 2726 571 2778 quales
586 2740 701 2770 nunc
717 2729 1029 2771 controuersias
1047 2729 1242 2780 dicimus,
1264 2743 1317 2771 ne
1338 2730 1444 2771 tales
1466 2730 1641 2783 quidem
1662 2729 1807 2782 quales
1828 2735 1931 2771 ante
1955 2729 2207 2771 Ciceronem

423 2791 690 2845 dicebantur,
714 2808 821 2847 quas
843 2795 974 2837 thesis
992 2795 1253 2837 uocabant.''
1304 2796 1503 2848 Itemque
1527 2796 1615 2837 Cic.
1646 2797 1747 2848 Tap.
1766 2797 1814 2836 21
1829 2793 1934 2846 (79):
1951 2789 2208 2847 “Quaestio-

508 2902 536 2924 ¹⁸
548 2902 842 2947 Sitzungsberichto
856 2905 889 2940 d.
907 2905 997 2940 Berl.
1015 2905 1126 2940 Akad.
1146 2905 1243 2948 1904,
1257 2915 1294 2948 p.
1313 2903 1411 2940 1070.

509 2957 539 2979 ¹⁸
550 2958 616 3001 Op.
631 2959 686 2994 cit.
701 2969 737 3002 p.
754 2959 829 2995 551.

509 3014 534 3035 ¹⁷
547 3012 635 3049 Vide
647 3013 739 3049 infra
752 3025 787 3058 p.
806 3015 880 3050 158.

508 3068 535 3090 ¹⁸
548 3067 636 3103 Vide
650 3069 832 3113 Rothium,
847 3071 987 3114 praefat.
1004 3082 1039 3114 p.
1055 3071 1140 3105 LIX
1155 3071 1236 3106 adn.
1253 3071 1306 3105 36.
