2340 3840
410 346 472 379 180
716 345 783 378 DE
802 344 1093 378 FRAGMENTI
1110 345 1405 380 SVETONIANI
1421 346 1488 379 DE
1506 345 1850 381 GRAMMATICIS
2122 346 2200 389 [680

406 454 446 506 4)
468 456 521 496 sit
539 456 794 507 sapientiam
811 453 872 505 (=
901 451 932 495 L
953 452 1011 505 H)
1031 467 1110 507 pro
1129 456 1382 507 sapientiam
1400 457 1455 496 sit
1474 456 1678 507 restituit,
1698 463 1743 498 et
1761 456 1838 498 hos
1857 456 1987 508 locos,
2009 457 2083 510 qui
2101 470 2128 499 a
2144 456 2194 499 li·

407 520 550 562 brario
571 538 599 571 7
623 521 815 573 corrupti
834 529 974 571 erant,
998 521 1191 562 sanauit:

685 617 712 648 μ
732 595 792 648 (Q
814 595 935 649 ven.)
957 616 987 639 ω
1758 617 1786 649 7

406 690 442 717 c
463 677 497 726 1,
546 689 589 728 p.
608 677 699 726 100,
745 677 768 716 8
827 675 970 728 siquid
1337 676 1550 729 siquidem
1569 676 1728 729 (siquid
1750 674 1792 717 H
1814 674 1865 727 U)

406 756 442 783 c.
458 743 497 793 5,
546 755 588 794 p.
608 743 698 793 104,
720 742 767 782 17
827 742 991 783 indicat
1338 743 1554 784 indicatur

405 822 441 849 c.
461 810 523 859 11,
544 820 587 860 p.
607 809 697 859 109,
717 810 764 849 21
826 808 996 850 modico
1011 807 1195 859 (modice
1216 806 1266 858 X)
1338 809 1511 850 medico·

406 888 442 916 c.
461 876 524 926 15,
544 886 588 927 p.
607 876 698 925 112,
743 877 768 916 9
825 874 1079 916 lacerauerit
1336 875 1655 926 lacerauit(=a
1673 873 1726 926 D)
1742 874 2013 926 (lacerauerit
2029 873 2087 927 H)

406 955 441 982 c.
459 943 524 992 23,
545 954 588 994 p.
608 941 697 992 117,
720 943 769 982 16
827 948 999 994 caperet
1336 949 1530 994 carperet
1549 941 1740 994 (caperet
1761 939 1798 983 U
1816 940 1864 993 Δ)

406 1041 485 1081 His
506 1041 638 1082 etiarn
658 1041 760 1082 locis
782 1041 1045 1093 corruptelas
1066 1041 1110 1081 in
1130 1046 1153 1091 ζ
1173 1047 1344 1082 exortas
1364 1040 1408 1081 in
1429 1041 1645 1094 integrum
1665 1041 1857 1083 restituit
1875 1041 2075 1082 librarius
2092 1055 2139 1092 με
2181 1075 2183 1078 .

673 1137 699 1167 μ
719 1115 779 1169 (Q
801 1116 925 1169 Ven.)
968 1135 998 1159 ω
1759 1125 1782 1169 ζ’

403 1209 439 1237 c.
457 1198 495 1247 2,
544 1210 587 1248 p.
607 1197 699 1248 101,
744 1197 766 1236 5
826 1193 1125 1248 scripturVen.
1138 1196 1268 1248 scrip·
1336 1196 1498 1248 scripta
1525 1195 1757 1249 (scriptura
1787 1193 1838 1247 U)

825 1269 949 1303 turae
967 1259 1005 1310 Q
1019 1262 1268 1315 scripturam

404 1342 439 1369 c.
455 1330 495 1379 4,
544 1341 587 1381 p.
607 1330 698 1379 104,
720 1330 769 1369 10
827 1329 871 1369 in
892 1342 1121 1370 numerum
1337 1329 1382 1370 in
1405 1343 1585 1370 numero
1606 1328 1668 1379 (in
1691 1343 1920 1371 numerum
1942 1328 1989 1380 Δ)

405 1408 440 1435 c.
458 1397 496 1445 6,
546 1408 588 1447 p.
608 1396 699 1445 106,
721 1396 768 1435 13
826 1395 1081 1448 precipuum
1336 1395 1598 1448 principium

405 1474 441 1502 c.
458 1462 524 1512 25,
545 1475 587 1514 p.
608 1463 698 1512 121,
720 1463 768 1501 13
825 1461 1111 1513 processerint
1336 1469 1637 1514 processerunt

488 1561 614 1602 Tales
647 1561 931 1602 correctiones
964 1560 1212 1602 coniectura
1244 1561 1335 1602 fieri
1367 1561 1491 1603 facile
1522 1569 1775 1613 potuerunt,
1808 1575 1948 1614 neque
1969 1561 2198 1604 uerisimile

405 1627 513 1668 mihi
536 1627 708 1668 uidetur
730 1627 956 1668 librarium
978 1646 1005 1677 μ
1029 1627 1115 1668 alia
1138 1627 1330 1668 subsidia
1353 1635 1486 1680 atque
1511 1628 1728 1680 exemplar
1756 1632 1778 1670 θ
1807 1635 1850 1670 et
1887 1628 1998 1670 Gelli
2019 1627 2197 1681 aliquod

404 1693 621 1746 exemplar
638 1693 708 1734 uel
726 1693 1073 1745 manuscriptum
1090 1694 1159 1734 uel
1176 1694 1432 1746 impressum
1451 1694 1713 1736 habuisse.³⁴1
1774 1695 1876 1736 Non
1893 1701 2042 1736 tamen
2057 1694 2194 1748 liquet
2251 1722 2254 1723 ν

403 1760 516 1801 unde
536 1760 737 1801 librarius
757 1778 784 1810 μ
806 1773 841 1801 c.
868 1761 914 1800 11
936 1759 995 1812 (p.
1022 1762 1114 1810 110,
1138 1758 1178 1810 5)
1206 1766 1242 1801 et
1261 1761 1410 1801 selibra
1433 1761 1497 1812 (=
1529 1758 1577 1801 M
1601 1757 1680 1802 Ed.
1702 1758 1791 1802 Ine.
1831 1767 1867 1802 et
1886 1761 2032 1804 selihia
2052 1757 2102 1811 B)
2123 1772 2194 1803 ac·

404 1827 579 1880 ceperit,
597 1841 737 1880 neque
755 1841 841 1880 quo
859 1828 988 1868 modo
1005 1840 1041 1868 c.
1059 1829 1084 1868 9
1101 1826 1162 1880 (p.
1186 1827 1276 1878 107,
1296 1826 1366 1877 20)
1387 1829 1618 1880 exemplum
1635 1827 1697 1878 (=
1711 1826 1760 1868 M
1780 1825 1838 1879 K)
1858 1828 1927 1870 uel
1942 1828 1987 1870 in
2003 1827 2198 1870 codicem

400 1912 428 1942 μ
447 1893 515 1934 uel
533 1893 577 1934 in
596 1894 808 1934 Venetam
826 1893 1106 1934 editionem³⁴²
1124 1893 1362 1945 inrepserit.
1412 1894 1534 1934 Duas
1561 1893 1765 1935 lectiones
1789 1894 1993 1936 exhibent
2025 1891 2064 1943 Q
2085 1889 2194 1936 Ven-

405 1973 516 2013 quae
534 1960 743 2001 librorum
764 1957 803 1999 D
823 1957 857 2000 V
877 1957 907 2000 L
926 1967 1029 2001 sunt
1047 1961 1261 2013 propriae,
1281 1974 1317 2001 c.
1337 1963 1364 2001 4
1381 1959 1442 2013 (p.
1467 1962 1557 2011 103,
1579 1959 1620 2012 7)
1641 1962 1806 2014 quidem
1823 1962 1947 2014 uulgo
1965 1959 2028 2012 (==
2041 1957 2097 2012 U)
2116 1973 2196 2014 pro

403 2026 527 2078 uulgo
550 2026 731 2078 quidem;
756 2039 792 2066 c.
821 2027 868 2066 12
892 2024 951 2077 (p.
981 2027 1071 2076 110,
1100 2024 1164 2076 17)
1182 2027 1354 2078 filioque
1375 2038 1454 2078 pro
1469 2027 1563 2079 filio
1586 2040 1759 2079 quoque;
1784 2039 1895 2079 quae
1917 2026 2025 2068 sorti
2047 2025 2194 2068 deberi

406 2092 512 2133 mihi
531 2092 747 2133 uidentur.

488 2158 647 2200 Codice
665 2176 692 2208 μ
712 2158 903 2210 quodam
924 2159 1053 2199 modo
1073 2158 1291 2208 restituto,
1313 2159 1388 2211 qui
1407 2159 1579 2200 tabulas
1599 2172 1729 2212 supra
1746 2158 1806 2211 (p.
1831 2161 1906 2201 142
1926 2172 2011 2212 sq.;
2038 2171 2082 2211 p.
2117 2158 2192 2200 152

404 2238 488 2277 sq.,
514 2237 558 2277 p.
590 2226 664 2266 167
694 2223 773 2276 sq.)
803 2225 1020 2277 expositas
1046 2225 1389 2277 perlustrauerit,
1419 2226 1626 2267 continuo
1651 2225 1882 2278 perspiciet
1909 2223 2195 2267 Berolinensis

403 2291 627 2332 librarium
658 2291 817 2332 multas
849 2291 1115 2343 corruptelas
1146 2291 1190 2331 in
1212 2308 1240 2341 7
1261 2297 1285 2342 ζ
1304 2296 1325 2333 θ
1346 2298 1530 2342 exortas,
1564 2305 1672 2344 quas
1692 2292 1738 2332 in
1758 2291 1991 2344 exemplari
2009 2309 2038 2342 μ
2055 2290 2195 2344 legere

403 2358 604 2408 debebat,
624 2357 862 2399 sustulisse.
911 2358 1041 2398 Hunc
1058 2357 1297 2408 librarium,
1316 2358 1573 2410 praesertim
1591 2371 1691 2399 cum
1708 2372 1753 2399 se
1770 2357 2195 2411 neglegentissimum

403 2431 447 2465 et
474 2423 580 2465 satis
607 2423 833 2464 indoctum
859 2424 1142 2475 praestiterit,
1173 2431 1266 2465 tam
1294 2425 1453 2465 multas
1480 2424 1688 2477 genuinas
1714 2424 1920 2466 lectiones
1945 2423 2194 2466 coniectura

402 2489 671 2532 reuocauisse
687 2503 814 2531 nemo
826 2490 984 2531 credet.
1031 2490 1144 2531 Satis
1161 2497 1334 2532 constat
1348 2491 1479 2543 igitur
1493 2490 1718 2532 librarium
1737 2488 1776 2540 Q
1791 2497 1962 2543 praeter
1977 2488 2194 2542 exemplar

400 2575 428 2606 μ
452 2556 629 2598 alterius
654 2569 826 2608 quoque
850 2556 1009 2597 codicis
1033 2569 1059 2597 a
1084 2563 1181 2597 tota
1205 2557 1339 2608 stirpe
1363 2574 1391 2606 7
1417 2557 1595 2598 omnino
1618 2557 1748 2598 alieni
1782 2557 1953 2610 copiam
1977 2555 2191 2598 habuisse.

404 2624 558 2675 Neque
579 2622 817 2664 certissima
840 2629 1096 2674 argumenta
1119 2623 1291 2673 desunt,
1316 2636 1426 2675 quae
1450 2624 1637 2665 doceant
1658 2623 1773 2664 hunc
1794 2623 1980 2664 alterum
2000 2621 2194 2664 codicem

402 2702 538 2730 unum
557 2688 687 2729 fuisse
709 2702 731 2729 e
752 2689 897 2740 stirpis
917 2692 944 2737 β
964 2688 1098 2739 libris,
1133 2702 1232 2729 cum
1259 2686 1297 2736 Q
1319 2689 1396 2730 has
1417 2690 1623 2741 lectiones
1645 2689 1714 2730 uel
1735 2689 1871 2731 totius
1892 2688 2037 2742 stirpis
2065 2691 2093 2738 β
2123 2687 2194 2729 uel

490 2799 529 2820 ³⁴¹
543 2798 819 2840 Nonnumquam
833 2799 968 2832 Veneta
982 2798 1089 2833 editio
1104 2799 1309 2841 corruptelis
1323 2811 1414 2842 quae
1427 2800 1463 2834 in
1487 2805 1508 2841 ζ
1531 2804 1670 2835 exortae
1684 2804 1767 2834 sunt
1779 2799 1951 2834 medelam
1965 2799 2101 2834 adferre
2122 2798 2194 2833 fru-

399 2859 473 2889 stra
489 2858 617 2888 conata
634 2858 698 2895 est,
713 2858 752 2887 ut
769 2864 798 2887 c.
812 2854 833 2887 8
848 2852 897 2896 (p.
913 2854 987 2896 106,
1003 2851 1056 2894 10)
1069 2854 1140 2888 eius
1157 2865 1220 2897 pro
1238 2855 1327 2887 enim
1345 2854 1381 2888 in
1398 2860 1419 2896 ς·
1434 2853 1651 2897 (corruptum
1668 2866 1709 2889 ex
1726 2852 1850 2897 eliam),
1866 2853 1917 2898 (p.
1937 2854 2011 2897 106,
2031 2850 2086 2896 13)
2101 2854 2193 2888 enim

404 2909 621 2952 (corruptum
631 2920 672 2943 ex
684 2909 794 2943 Ennii
805 2909 841 2943 in
852 2905 883 2950 ζ)
895 2908 1074 2952 omissum;
1087 2920 1116 2943 c.
1128 2910 1150 2943 9
1164 2909 1213 2952 (p.
1228 2908 1302 2952 107,
1312 2908 1349 2950 4)
1363 2911 1559 2953 negligenter
1569 2911 1609 2944 ab
1620 2921 1683 2953 pro
1694 2911 1890 2953 negligenter
1899 2921 1938 2945 ac
1949 2909 1987 2944 in
1996 2914 2018 2952 ζ·
2035 2909 2192 2952 (corrup-

403 2971 480 2999 tum
490 2976 531 2999 ex
541 2964 739 3007 negligentia
749 2962 835 3005 aul).
858 2964 950 2999 Cum
967 2962 1000 3003 Q
1017 2964 1071 2999 his
1086 2965 1169 2999 locis
1187 2976 1287 2999 ueras
1303 2965 1467 3000 lectiones
1482 2977 1501 3000 e
1518 2966 1670 3000 Pontani
1686 2965 1773 3000 libro
1789 2976 1951 3000 reuocare
1970 2969 2101 3010 posset,
2119 2975 2190 2999 non

401 3019 582 3055 diiudicari
603 3024 731 3063 potest,
751 3023 871 3054 utrum
893 3019 981 3054 tales
999 3020 1217 3054 coniecturae
1237 3020 1269 3054 ei
1289 3020 1350 3063 qui
1371 3021 1542 3055 Venetam
1563 3021 1750 3055 editionem
1770 3021 1907 3055 curauit
1936 3031 1983 3055 an
2003 3019 2143 3055 librario
2165 3033 2190 3060 μ

400 3075 644 3110 attribuendae
659 3074 740 3109 sint.

489 3130 530 3152 ⁸⁴²
541 3129 718 3164 Librarius
733 3145 757 3171 μ
772 3130 849 3168 Rxm
870 3130 906 3164 in
924 3129 1110 3173 exemplari
1126 3133 1145 3163 θ
1161 3130 1271 3172 legere
1287 3130 1450 3165 debebat.
1496 3130 1584 3165 Vide
1609 3141 1714 3174 supra
1731 3142 1765 3174 p.
1788 3131 1860 3165 146.
1918 3128 1951 3170 Q
1977 3140 2098 3165 ueram
2123 3128 2192 3164 lec·

402 3186 532 3220 tionem
542 3185 658 3227 filium
675 3196 693 3219 e
710 3185 861 3219 Pontani
877 3185 995 3220 codice
1011 3185 1215 3219 restitutum
1232 3185 1350 3220 habet.
