2340 3840
3 274 9 291 2

0 302 6 348 ξ
26 359 28 362 v
110 321 189 364 ⁵931
510 319 575 354 ΕΤ
590 319 900 355 RHE‘mRIBvs
918 319 1146 354 comem
1162 318 1301 354 NExv
1316 319 1381 353 ET
1397 319 1514 354 mm
1871 320 1915 354 93

111 433 337 485 disseram3
355 432 549 486 itemque
568 443 642 474 eas
661 430 942 484 corruptelas,
974 444 1082 484 quas
1115 427 1151 472 X
1181 437 1225 473 et
1255 430 1411 484 stirpes
1429 433 1458 480 β
1477 446 1507 481 γ
1534 438 1686 473 contra
1713 431 1859 484 stirpis
1891 449 1917 474 α

111 499 366 544 memoriam
375 498 595 550 exhibent,
606 498 720 540 infra
732 496 794 551 (p.
811 496 906 549 104)
923 498 1139 551 expositas
1157 497 1364 539 inuenies.
1413 497 1561 540 Multo
1577 497 1835 540 difficiliores
1850 498 1915 540 in—

112 565 288 610 tellectu
314 572 420 609 sunt
446 565 487 608 ei
511 565 596 607 loci
624 565 700 607 ubi
730 561 766 607 X
793 578 894 607 cum
923 582 949 606 α
976 571 1021 607 et
1046 567 1075 614 β
1093 577 1120 606 a
1138 564 1285 618 stirpis
1303 580 1333 614 -y
1353 564 1560 606 memoria
1580 564 1804 606 discedens
1822 578 1914 607 cor-

114 639 268 688 ruptas
284 631 492 676 lectiones
510 632 741 686 praebent;
763 631 839 685 qui
856 631 941 674 loci
959 631 1048 674 fere
1067 638 1189 673 sunt:

533 714 565 751 ‘r
1415 693 1452 738 X
1473 715 1498 739 α
1516 700 1545 747 β

115 779 153 810 c.
170 767 236 819 14,
247 766 404 821 p.111‚
452 767 479 809 6
536 765 776 809 Memmius
797 762 848 807 M
871 761 912 808 Κ
1049 763 1313 806 Memmia¹⁹²
1339 761 1563 815 (memmia
1593 760 1646 805 W
1677 760 1716 805 G
1775 764 1917 806 Mem-

534 832 738 876 Memmii
758 829 802 874 H
826 829 866 882 Q
885 831 919 876 F
1049 830 1137 872 mio
1155 827 1194 872 D
1213 843 1403 872 memma
1419 827 1470 881 B)

534 899 722 942 Memini
742 896 780 941 U

534 966 713 1010 memini
733 963 766 1008 C

535 1033 723 1076 Memnii
739 1036 774 1076 Δ

113 1113 150 1143 c.
165 1101 234 1153 25,
245 1113 290 1155 p.
308 1101 401 1153 120,
425 1101 473 1143 11
532 1099 586 1143 iis
602 1098 687 1152 (his
705 1102 739 1142 A
764 1097 819 1152 Q)
1048 1100 1094 1142 in
1113 1099 1165 1142 iis
1185 1096 1226 1142 N
1249 1096 1288 1142 G
1306 1098 1444 1151 (omiS.
1466 1100 1515 1141 in
1533 1104 1635 1142 text.»
1649 1099 1745 1142 add.
1766 1100 1816 1142 in
1836 1114 1916 1154 mg.

1049 1171 1134 1211 m.2
1152 1163 1206 1219 G)
1223 1163 1296 1208 ID
1313 1164 1349 1209 V
1365 1163 1397 1208 L
1411 1165 1443 1218 (1
1458 1172 1505 1208 ut
1520 1167 1739 1209 delendum
1755 1168 1919 1209 notauit

347 1254 352 1259 ·
1050 1234 1191 1276 eadem
1209 1247 1323 1276 man.
1342 1234 1392 1276 in
1409 1230 1455 1285 L)
1490 1234 1536 1276 in
1553 1233 1621 1276 his
1640 1230 1678 1275 Ο
1699 1230 1752 1275 W
1772 1231 1806 1276 B

114 1315 152 1345 c.
166 1300 235 1355 27,
246 1314 291 1356 p.
309 1303 402 1354 124,
455 1303 474 1345 1
534 1302 584 1345 L.
605 1302 862 1346 Voltacilius
884 1300 935 1345 M
1052 1301 1114 1343 .L.
1137 1300 1365 1343 Oltacilius
1386 1297 1425 1343 Ο
1447 1297 1501 1342 W
1521 1297 1557 1342 V
1597 1301 1659 1343 .L.
1682 1300 1919 1343 Octacilius

323 1371 327 1375 ’
534 1369 788 1412 Voltatilius
811 1366 852 1412 K
894 1371 980 1412 Lu·
1049 1365 1091 1410 N
1106 1364 1127 1409 1
1163 1368 1212 1410 L.
1230 1367 1586 1410 OCTACILIVS
1605 1364 1649 1410 G·
1680 1367 1836 1411 Lutius
1853 1374 1920 1410 ot-

534 1435 626 1479 cius
657 1436 904 1479 uoltacilius
936 1434 979 1479 H
1050 1435 1222 1478 tacilius
1255 1431 1291 1477 B
1358 1434 1570 1478 LVCIVS
1605 1434 1843 1478 Octacilius
1879 1432 1919 1476 D

533 1503 703 1546 LVcius
754 1504 979 1547 uolacilius
1049 1502 1206 1545 Lutius
1223 1501 1424 1545 otacilius
1440 1498 1474 1544 L

536 1567 574 1613 U
622 1571 836 1614 LVCIUS
887 1571 979 1614 uol-

535 1637 677 1680 catius
706 1634 740 1680 C
804 1639 819 1681 1
846 1638 979 1682 Vcius

535 1703 760 1748 Volcatius
803 1708 837 1748 Δ
927 1706 977 1749 L.

534 1771 866 1815 VOLCATIVS
892 1769 932 1822 Q

196 1850 392 1903 Quorum
405 1850 599 1893 locorum
614 1865 726 1893 unus
741 1852 872 1904 solus,
888 1866 925 1894 c.
943 1852 994 1894 27
1009 1852 1070 1906 (p.
1090 1854 1182 1904 124,
1202 1852 1240 1904 1)
1267 1854 1527 1904 Voltacilius,
1542 1852 1797 1905 scrupulum
1813 1851 1919 1893 mihi

113 1916 248 1960 inicit.
303 1917 552 1960 Mammam
576 1918 851 1961 coniecturae
875 1920 1086 1972 attribuo,
1109 1920 1226 1974 quod
1247 1933 1297 1963 eo
1318 1919 1477 1962 certius
1498 1919 1686 1970 uidetur,
1710 1918 1828 1972 quod
1849 1932 1920 1960 co-

113 1983 229 2026 dica
247 1980 299 2026 M
318 1980 374 2037 K,
403 1984 480 2039 qui
495 1985 736 2039 archetypo
754 2001 783 2036 ’γ
801 1987 997 2039 proxime
1014 1988 1244 2039 accedunt,
1263 2001 1352 2029 non
1371 1987 1571 2029 Memmii
1587 1986 1664 2028 sed
1682 1987 1919 2028 Memmius

113 2050 332 2094 exhibent.
386 2051 806 2106 Quomodocumque
830 2053 900 2095 hic
923 2054 1043 2096 locus
1068 2055 1366 2097 emendandus
1391 2060 1471 2105 est,
1506 2067 1647 2106 neque
1684 2053 1922 2106 quicquam

106 2117 267 2160 >melius
288 2131 423 2172 quam
445 2119 628 2161 Memmi
647 2120 766 2172 noui,
790 2122 988 2163 memmia
1010 2122 1251 2163 certissima
1273 2121 1442 2163 ratione
1465 2119 1761 2162 Hersfeldensi
1786 2119 1925 2162 codici

115 2184 428 2228 uindicandum
444 2193 526 2229 est.
572 2187 728 2240 Neque
745 2200 877 2230 causa
894 2188 995 2230 talis
1012 2189 1165 2231 erroris
1182 2189 1306 2240 latet,
1325 2202 1425 2230 cum
1442 2187 1712 2229 uocabulum
1730 2187 1784 2228 ad
1799 2200 1925 2240 prox·

113 2251 199 2294 ime
215 2258 438 2306 sequatur.
497 2253 548 2296 C.
568 2254 622 2296 25
639 2253 699 2308 (p.
722 2256 816 2306 120,
848 2253 914 2307 11)
938 2252 973 2296 Χ
992 2273 1018 2298 α
1033 2258 1061 2305 β
1078 2255 1448 2309 praepositionem
1465 2256 1514 2296 in
1531 2265 1761 2308 perperam
1779 2261 1924 2296 osten-

115 2318 241 2361 dunt.
293 2319 378 2362 Sed
397 2318 469 2362 hic
491 2333 665 2374 quoque
686 2335 775 2363 non
797 2321 953 2364 dubito
976 2323 1081 2376 quin
1102 2326 1151 2364 in
1174 2324 1240 2365 his
1261 2322 1349 2374 (uel
1369 2323 1418 2364 in
1439 2321 1535 2372 iis?)
1559 2322 1605 2363 in
1628 2321 1926 2363 Hersfeldensi

115 2385 264 2428 codice
280 2385 426 2428 locum
444 2386 676 2440 obtineret,
695 2389 896 2430 librarius
915 2397 1065 2432 autem
1083 2406 1112 2440 γ
1132 2390 1242 2432 bene
1262 2389 1574 2432 emendauerit.

199 2453 252 2494 In
270 2454 320 2496 L.
345 2453 594 2497 Volcacilius
608 2470 631 2497 e
646 2456 864 2498 contrario
878 2457 1007 2509 plane
1022 2457 1191 2499 haereo.
1250 2458 1529 2510 Quamquam
1543 2456 1623 2497 soli
1639 2452 1690 2497 M
1707 2452 1750 2496 H
1774 2468 1922 2497 ueram

115 2519 376 2574 scripturam
395 2522 647 2573 ostendunt,
669 2536 744 2565 eae
763 2524 928 2566 formae
949 2538 1060 2578 quae
1079 2525 1124 2565 in
1144 2525 1296 2566 ceteris
1315 2524 1463 2577 stirpis
1491 2539 1521 2573 γ
1550 2523 1772 2564 codicibus
1802 2522 1921 2564 inue-

114 2585 309 2639 niuntur,
332 2600 482 2630 omnes
504 2603 527 2631 e
552 2590 601 2631 L.
635 2590 880 2632 Voltacilius
903 2598 1131 2644 corruptae
1153 2592 1302 2645 putari
1324 2592 1498 2633 debent.
1552 2591 1605 2631 In
1624 2587 1659 2631 X
1676 2607 1702 2631 α
1721 2592 1749 2638 β
1771 2596 1922 2631 autem

114 2666 265 2696 omnes
280 2653 487 2697 lectiones
504 2656 562 2697 ad
582 2657 630 2697 L.
650 2657 871 2699 Oltacilius
889 2659 1137 2701 referendae
1155 2666 1274 2700 sunt.
1323 2658 1444 2700 Talis
1466 2664 1532 2700 est
1556 2671 1690 2699 nexus
1714 2657 1826 2698 inter
1849 2670 1923 2698 no-

113 2726 227 2762 stros
259 2720 405 2773 libros,
447 2729 496 2764 ut
532 2724 679 2765 omnia
713 2724 904 2767 indicare
940 2726 1175 2768 uideantur
1208 2728 1256 2768 L.
1289 2726 1520 2767 Oltacilius
1552 2725 1596 2766 in
1628 2723 1923 2766 Hersfeldensi

115 2786 259 2828 locum
275 2787 533 2840 obtinuisse;
551 2791 627 2832 sed
646 2804 734 2843 quo
750 2798 883 2844 pacto
901 2793 992 2835 fieri
1009 2800 1186 2846 poterat
1204 2800 1254 2835 ut
1273 2793 1404 2846 stirps
1433 2808 1463 2842 γ
1494 2805 1643 2833 ueram
1661 2791 1923 2844 scripturam

114 2856 360 2896 reuocaret?
411 2856 529 2898 Nam
561 2858 808 2900 Voztacilius
829 2860 1063 2912 genuinam
1085 2873 1175 2902 esse
1197 2861 1387 2902 formam
1409 2873 1538 2901 nemo
1564 2871 1721 2911 negare
1742 2858 1919 2911 poterit,

114 2933 214 2962 cum
233 2921 277 2963 in
297 2922 437 2964 indice
463 2921 522 2976 (p.
545 2925 612 2975 99,
642 2923 682 2975 2)
704 2925 802 2967 libri
828 2926 916 2968 fere
942 2928 1140 2969 omnes¹⁹⁴
1181 2929 1229 2968 L.
1266 2928 1512 2968 Voltacilius
1538 2926 1782 2978 proferant;
1821 2924 1922 2966 Hie-

115 2988 285 3041 ronymi
306 2989 473 3031 codices
488 2991 546 3032 ad
562 2991 627 3032 Ol.
650 2990 728 3032 174
747 2994 992 3035 uultacilius
1013 2995 1266 3045 ostendant3
1290 2993 1489 3035 Macrobi
1510 2992 1678 3034 codices
1699 2993 1788 3034 Sat.
1813 2992 1859 3032 II
1881 2993 1920 3041 2,

199 3086 239 3109 ¹¹⁸
250 3087 355 3123 Falso
368 3087 677 3125 Reifferscheidius
691 3091 852 3126 codicum
867 3090 900 3127 0
915 3091 934 3127 1
948 3093 1155 3128 testimonia
1169 3093 1206 3128 in
1221 3097 1398 3137 apparatu
1412 3092 1558 3135 profert.

201 3142 242 3164 ¹⁸⁸
252 3142 406 3179 Μουκίου·
419 3148 459 3180 et
470 3144 623 3180 Menmii
637 3146 685 3181 ad
699 3147 862 3182 Memmii
875 3148 1057 3185 referenda
1071 3154 1168 3185 sunt.

199 3198 240 3220 ²⁸⁴
250 3199 448 3234 Volcacium
464 3198 497 3235 0
512 3202 692 3237 mamilius
707 3201 724 3237 1
739 3203 904 3238 uotcatius
919 3215 938 3239 e
954 3210 1053 3240 textu
1069 3205 1321 3249 interpolatum
1335 3209 1374 3239 A.
