2340 3840
139 334 226 380 ³5⁷1>
542 336 606 370 ET
621 335 932 371 RHETORIBVS
949 335 1176 370 CODICVM
1194 336 1332 370 NEXV
1347 335 1411 369 ET
1428 335 1544 369 FIDE
1904 334 1946 368 57

139 448 405 494 attribuit.¹⁸
438 448 638 502 Iniquius
649 448 783 490 etiam
794 448 1004 489 iudicium
1017 448 1069 490 de
1081 448 1162 490 hoc
1174 448 1321 490 codice
1331 447 1517 501 protulit
1530 446 1871 500 Baehrensius,²⁷
1878 449 1947 490 cui

141 516 278 560 etiam
298 515 493 558 codicem
514 515 897 557 vindobonensem
915 511 1002 565 (W)
1024 515 1157 568 paulo
1178 522 1281 557 ante
1302 515 1359 556 ab
1381 515 1602 556 Huemero
1621 515 1666 556 in
1687 515 1828 556 lucem
1848 529 1947 568 pro—

139 583 299 635 latum,
321 589 374 625 ut
394 582 772 624 animaduersione
794 595 874 623 sua
896 581 1138 635 indignum,
1161 582 1275 624 inter
1297 581 1465 623 codices
1489 574 1836 623 “recentissimos
1858 582 1947 624 foe-

141 649 406 703 dissimeque
436 648 790 702 interpolatos''²⁸
819 648 978 690 habere
1008 648 1187 702 placuit.
1249 649 1332 691 Sed
1363 662 1451 690 non
1482 655 1549 690 est
1579 661 1655 690 cur
1687 649 1945 699 Michaelisi,

142 715 394 768 namurensi,
407 715 679 769 aliorumque
692 715 916 769 opiniones
929 729 1278 767 commemorem,
1293 729 1393 757 cum
1406 729 1555 757 omnes
1570 728 1702 768 quam
1712 722 1856 758 essent
1869 715 1948 758 fal-

140 796 216 827 sae
230 782 574 826 luculentissime
592 782 913 824 demonstrauit
931 784 1000 824 Fr.
1022 782 1208 824 Scheuer
1225 796 1264 824 a.
1288 783 1408 824 1891.
1457 782 1602 824 Causa
1618 782 1772 824 fertilis
1790 783 1946 824 horum

140 862 351 903 errorum,
372 856 424 893 ut
441 849 650 904 probauit
671 849 871 901 Scheuer,
892 849 978 892 fuit
997 849 1043 891 id
1064 850 1183 902 quod
1202 849 1247 891 in
1268 849 1569 892 Ottoboniano
1589 849 1823 891 iudicando
1843 849 1947 891 Vin-

141 917 440 961 dobonensem
462 916 502 959 ei
524 916 882 970 cognatissimum
905 916 988 958 uiri
1020 916 1260 958 doctissimi
1292 916 1470 958 omnino
1501 916 1795 969 neglexerunt.
1849 917 1948 958 Ma-

139 997 277 1040 gnum
295 996 549 1038 processum
567 983 613 1025 in
637 984 810 1037 Dialogi
830 990 874 1026 et
894 983 1131 1037 fragmenti
1145 983 1399 1026 Suetoniani
1412 983 1563 1025 critica
1575 983 1732 1026 habuit
1747 983 1946 1034 Scheuer,

141 1051 260 1106 quod
286 1050 483 1094 codicem
512 1047 551 1093 Ο
580 1049 663 1092 hac
690 1050 1079 1093 contaminationis
1106 1050 1350 1104 suspicione
1378 1050 1597 1102 liberauit,
1626 1064 1768 1103 neque
1796 1057 1946 1093 tamen

141 1130 292 1162 ueram
313 1116 507 1160 indolem
529 1118 731 1160 codicum
755 1114 794 1159 Ο
819 1124 865 1160 et
889 1114 942 1159 W
964 1118 1199 1171 perspexit,
1225 1131 1325 1160 cum
1349 1118 1405 1159 ab
1429 1117 1503 1159 illa
1517 1117 1713 1170 priorum
1729 1117 1945 1171 opinione,

141 1190 255 1240 quae
271 1181 312 1228 Ο
329 1181 384 1228 W
401 1197 503 1227 cum
519 1185 742 1227 codicibus
753 1181 794 1226 N
811 1181 832 1226 I
849 1185 914 1227 ita
930 1185 1188 1238 coniungere
1207 1185 1398 1236 uolebat,
1411 1191 1462 1227 ut
1479 1198 1629 1227 omnes
1647 1198 1698 1227 ex
1715 1198 1803 1227 uno
1817 1185 1948 1226 Hers-

139 1251 343 1296 feldensis
359 1251 460 1294 libri
477 1252 730 1306 apographo
742 1252 952 1305 originem
963 1252 1201 1304 traherent,
1214 1265 1458 1305 numquam
1475 1251 1731 1294 discesserit.
1779 1252 1876 1304 Qua
1894 1252 1947 1293 de

140 1332 186 1362 re
198 1318 313 1362 infra
325 1317 471 1373 (p.187
487 1317 572 1372 sq.)
589 1319 727 1360 fusius
742 1319 963 1361 disseram.
988 1320 1151 1361 Verum
1165 1319 1345 1361 tandem
1356 1319 1575 1372 perspexit
1587 1318 1788 1361 Alfredus
1803 1319 1948 1361 Gude-

141 1398 343 1439 manum,
363 1399 465 1429 curn
483 1386 529 1428 in
549 1386 688 1428 altera
711 1387 884 1440 Dialogi
903 1386 1094 1429 editione
1114 1400 1154 1428 a.
1173 1387 1279 1428 1914
1292 1386 1336 1427 in
1355 1386 1583 1439 publicum
1603 1386 1760 1428 emissa
1779 1385 1947 1428 codices

141 1449 182 1496 0
199 1449 253 1495 W
269 1465 405 1496 unam
420 1452 562 1495 facere
578 1453 793 1495 familiam
809 1467 836 1495 a
853 1453 1006 1495 ceteris
1022 1467 1111 1495 non
1128 1453 1395 1506 pendentem
1411 1453 1685 1505 indicauerit,
1704 1453 1774 1495 cui
1790 1467 1947 1506 nuper-

139 1520 247 1563 rime
267 1532 468 1563 assensus
489 1526 556 1563 est
579 1519 820 1562 Fridericus
845 1521 1027 1563 Carolus
1051 1521 1188 1563 Wick.
1243 1520 1326 1563 Sed
1347 1534 1402 1562 ne
1427 1521 1742 1562 Gudemannus
1765 1520 1945 1574 quidem

139 1599 291 1630 ueram
307 1587 620 1630 auctoritatem
638 1588 795 1630 horum
813 1587 1014 1630 codicum
1031 1588 1298 1641 perspexisse
1316 1587 1506 1639 uidetur,
1528 1587 1647 1641 quod
1666 1594 1816 1631 tamen
1835 1587 1946 1630 iudi-

139 1653 257 1698 cium
273 1653 476 1708 persequi
493 1654 609 1707 nolo,
629 1667 730 1696 cum
749 1655 934 1697 fortasse
953 1655 999 1696 hi
1016 1655 1116 1697 libri
1134 1667 1223 1697 non
1243 1655 1438 1697 eiusdem
1457 1655 1545 1697 sint
1564 1655 1678 1708 preti
1698 1655 1744 1696 in
1766 1655 1944 1708 Dialogo

140 1721 402 1764 recensendo
421 1733 557 1776 quam
575 1721 621 1764 in
642 1722 822 1764 Suetoni
841 1722 1077 1776 fragmenti
1094 1723 1126 1748 ²⁹
1146 1722 1446 1776 castigatione.

223 1789 279 1832 In
297 1787 505 1832 Suetonio
522 1789 784 1831 recensendo
802 1803 931 1831 nemo
949 1789 1093 1831 adhuc
1111 1789 1495 1831 Vindobonensem
1513 1789 1709 1831 codicem
1725 1789 1943 1831 adhibuit.

140 1855 273 1898 Hunc
287 1855 483 1898 codicem
498 1855 544 1898 in
559 1855 702 1898 lucem
715 1857 903 1910 protulit
919 1857 1015 1899 Ioh.
1034 1857 1241 1908 Huemer,
1261 1856 1336 1910 qui
1351 1870 1391 1898 a.
1414 1855 1520 1898 1878
1537 1857 1719 1899 selectas
1736 1856 1945 1899 lectiones

139 1936 164 1966 e
192 1922 384 1977 Dialogo,
413 1923 593 1966 Suetoni
618 1923 776 1975 libello,
803 1924 1032 1968 Germania
1057 1923 1315 1977 publicauit,
1343 1937 1484 1977 neque
1502 1937 1602 1966 eum
1619 1923 1773 1966 fefellit
1791 1923 1949 1965 miram

56 2025 66 2036 .
139 1989 505 2033 necessitudinem
529 1989 644 2033 inter
670 1991 786 2032 hunc
812 1991 1007 2033 codicem
1033 1998 1077 2034 et
1104 1990 1456 2033 ottobonianum
1482 1990 1760 2033 intercedere.
1817 1990 1946 2044 Quod

141 2063 291 2100 tamen
308 2057 367 2099 ad
387 2057 646 2100 Suetonium
663 2057 870 2111 pertinet,
891 2059 1004 2100 hanc
1023 2058 1378 2100 aestimationem
1395 2071 1571 2111 prorsus
1592 2071 1618 2099 a
1639 2070 1736 2100 mea
1755 2057 1946 2100 alienam

139 2123 446 2178 pronuntiauit
470 2123 532 2179 (p.
556 2123 672 2176 812):
694 2118 758 2166 “F
760 2130 812 2167 iir
841 2126 1026 2167 Suetons
1055 2126 1305 2179 Fragment,
1326 2126 1404 2167 das
1423 2125 1467 2166 in
1487 2139 1535 2166 so
1554 2125 1696 2167 vielen
1715 2125 1807 2167 und
1826 2137 1948 2167 man-

140 2189 371 2246 nigia'chen
401 2191 810 2245 Ueberlieferungen
838 2192 1037 2246 vorliegt‚
1068 2193 1146 2234 wie
1167 2193 1242 2234 der
1257 2192 1507 2246 sorgfaltige
1524 2192 1730 2234 kritische
1747 2192 1948 2246 Apparat

142 2257 474 2302 Reifferscheids
493 2271 574 2300 uns
587 2259 714 2311 lehrt,
729 2259 897 2302 scheint
913 2272 1065 2302 unsere
1082 2260 1160 2301 Hs.
1180 2272 1262 2301 nur
1278 2273 1365 2301 von
1394 2259 1654 2301 secundaret
1688 2260 1950 2312 Bedeutung

140 2336 196 2367 zu
211 2324 349 2368 sein.”
395 2325 555 2368 Veram
572 2327 753 2369 tandem
770 2326 930 2369 codicis
949 2324 1002 2368 W
1019 2327 1210 2369 indolem
1227 2327 1408 2380 agnouit
1423 2327 1751 2369 Maximilianus
1766 2326 1948 2378 Ihmius,

142 2391 218 2446 qui
231 2404 278 2435 a.
299 2393 406 2435 1906
422 2393 665 2447 complures
686 2394 803 2435 locos
827 2393 1114 2436 Suetonianos
1136 2394 1362 2446 tractauit,
1383 2394 1705 2448 praestantiam
1726 2394 1796 2436 uel
1817 2393 1950 2435 solius

142 2455 197 2502 W
209 2458 281 2502 uel
294 2459 523 2514 utriusque
538 2457 577 2502 Ο
593 2467 637 2503 et
653 2457 706 2502 W
722 2461 1038 2503 demonstrans.
1085 2461 1199 2503 Cum
1213 2468 1363 2504 autem
1378 2461 1572 2503 codicem
1588 2458 1626 2503 Ο
1642 2461 1734 2514 ipse
1748 2461 1947 2503 nondum

141 2525 398 2580 inspexisset
425 2533 561 2580 atque
589 2527 811 2570 collationi
840 2528 1025 2570 uitiosae
1045 2528 1331 2570 Lerschianae
1360 2541 1387 2570 a
1417 2528 1774 2570 Reifferscheidio
1802 2528 1948 2570 editae

141 2592 275 2636 fidere
299 2600 537 2648 cogeretur,
565 2595 619 2636 de
644 2595 862 2637 nonnullis
888 2595 992 2637 locis
1018 2595 1063 2637 in
1090 2595 1224 2637 dubio
1250 2596 1425 2638 relictus
1451 2602 1559 2638 erat.
1617 2596 1772 2649 Neque
1797 2608 1948 2637 omnes

228 2703 260 2727 ¹⁸
271 2702 422 2748 Prusae.
432 2715 469 2748 p.
479 2704 591 2740 xm:
602 2698 696 2740 “Hic
703 2703 1012 2750 (ottobonianus),
1021 2716 1130 2750 quem
1139 2705 1178 2741 in
1187 2705 1327 2750 dialogo
1336 2706 1472 2750 primus
1480 2705 1639 2750 adhibui,
1650 2710 1707 2742 tot
1716 2705 1952 2742 recentiorum

138 2756 450 2803 munaum
465 2760 734 2797 emendationes
747 2761 938 2806 occupauit
952 2766 995 2798 ut
1009 2766 1151 2806 praeter
1165 2762 1368 2798 Pontanum
1385 2767 1423 2798 et
1438 2762 1676 2798 Puteolanum
1691 2773 1797 2798 nemo
1812 2761 1953 2798 saeculo

139 2813 269 2859 quinto
280 2814 418 2852 decimo
429 2815 468 2852 in
479 2817 703 2853 emendando
715 2817 855 2861 dialogo
866 2818 948 2862 plus
958 2817 1213 2862 praestiterit?

228 2870 261 2895 ²²
270 2870 456 2908 Commota.
471 2873 545 2909 crit.
561 2884 596 2917 p.
612 2873 672 2908 46:
695 2867 861 2909 “Addam
875 2873 933 2909 hic
946 2885 1062 2918 pauca
1076 2874 1122 2910 de
1136 2875 1167 2909 E
1182 2873 1259 2910 siue
1272 2873 1518 2910 ottoboniano
1533 2873 1693 2910 omnium
1707 2873 1884 2910 liberrime
1898 2873 1951 2909 in·

139 2930 293 2964 mutato.
312 2927 414 2964 cuius
422 2938 466 2964 ea
475 2933 532 2964 est
541 2928 700 2964 condicio
710 2934 752 2965 ut
761 2934 800 2965 et
809 2929 884 2974 ipse
893 2940 999 2974 saepe
1007 2930 1167 2974 inspecto
1179 2929 1333 2965 familiae
1343 2929 1401 2972 N(
1409 2944 1440 2957 =
1447 2930 1585 2966 codices
1594 2931 1627 2966 V
1635 2934 1674 2966 et
1683 2930 1714 2965 L
1722 2929 1760 2965 in
1771 2927 1950 2971 Suetonio)

140 2981 262 3019 codice
275 2983 431 3027 quodam
444 2982 492 3026 (A
508 2983 620 3028 [ενι
637 2989 679 3021 ut
694 2985 836 3022 credere
848 2983 946 3028 licet)
962 2997 986 3022 a
1001 2997 1067 3022 sua
1082 2985 1218 3022 familia
1233 2985 1435 3030 desciuerit,
1452 2985 1602 3030 propriis
1616 2991 1802 3030 praeterea
1817 2985 1953 3020 coniec-

141 3037 235 3075 turis
244 3038 432 3083 indtugem
441 3038 501 3082 (cf.
516 3040 683 3077 Michael.
698 3046 774 3077 not.
790 3039 845 3084 11)
859 3053 1042 3086 nouasque
1053 3042 1208 3078 inferens
1220 3042 1472 3086 corruptelas.”

229 3095 261 3118 ¹⁸
270 3094 454 3131 Commeat.
465 3097 539 3132 crit.
549 3108 586 3140 p.
595 3097 651 3132 45.

229 3151 257 3174 ⁸
266 3151 326 3187 De
338 3156 536 3188 ceterorum
550 3152 720 3188 librorum
736 3153 966 3197 dispositione
980 3165 1002 3189 a
1019 3154 1254 3189 Gudemanno
1270 3154 1378 3197 iacta,
1393 3154 1462 3198 cui,
1477 3154 1574 3198 quod
1588 3154 1637 3189 ad
1651 3144 1951 3201 Suetoniumfper-

142 3204 246 3250 tinet,
258 3206 422 3243 assentiri
433 3218 582 3252 nequeo,
595 3208 678 3244 uide
689 3208 782 3244 infra
795 3220 828 3253 p.
848 3210 923 3245 191.
